2025-04-25 * "兴全基金管理有限公司" "余额宝-2025.04.24-收益发放"
    time: "04:32:13"
    uuid: "20250425378809053521"
    status: "交易成功"
    Income:Fund            -0.36 CNY
    Assets:AliPay:Balance   0.36 CNY

2025-04-24 * "兴全基金管理有限公司" "余额宝-2025.04.23-收益发放"
    time: "04:46:16"
    uuid: "20250424372767726521"
    status: "交易成功"
    Income:Fund            -0.35 CNY
    Assets:AliPay:Balance   0.35 CNY

2025-04-23 * "兴全基金管理有限公司" "余额宝-2025.04.22-收益发放"
    time: "04:18:40"
    uuid: "20250423365911594521"
    status: "交易成功"
    Income:Fund            -0.35 CNY
    Assets:AliPay:Balance   0.35 CNY

2025-04-22 * "兴全基金管理有限公司" "余额宝-2025.04.21-收益发放"
    time: "04:27:25"
    uuid: "20250422357556202521"
    status: "交易成功"
    Income:Fund            -0.35 CNY
    Assets:AliPay:Balance   0.35 CNY

2025-04-21 * "兴全基金管理有限公司" "余额宝-2025.04.20-收益发放"
    time: "04:17:44"
    uuid: "20250421350881022521"
    status: "交易成功"
    Income:Fund            -0.35 CNY
    Assets:AliPay:Balance   0.35 CNY

2025-04-20 * "兴全基金管理有限公司" "余额宝-2025.04.19-收益发放"
    time: "04:29:45"
    uuid: "20250420345684637521"
    status: "交易成功"
    Income:Fund            -0.36 CNY
    Assets:AliPay:Balance   0.36 CNY

2025-04-19 * "兴全基金管理有限公司" "余额宝-2025.04.18-收益发放"
    time: "04:30:36"
    uuid: "20250419338588406521"
    status: "交易成功"
    Income:Fund            -0.35 CNY
    Assets:AliPay:Balance   0.35 CNY

2025-04-18 * "兴全基金管理有限公司" "余额宝-2025.04.17-收益发放"
    time: "04:30:16"
    uuid: "20250418333084035521"
    status: "交易成功"
    Income:Fund            -0.36 CNY
    Assets:AliPay:Balance   0.36 CNY

2025-04-17 * "兴全基金管理有限公司" "余额宝-2025.04.16-收益发放"
    time: "05:54:31"
    uuid: "20250417327240753521"
    status: "交易成功"
    Income:Fund            -0.36 CNY
    Assets:AliPay:Balance   0.36 CNY

2025-04-16 * "兴全基金管理有限公司" "余额宝-2025.04.15-收益发放"
    time: "04:31:23"
    uuid: "20250416319407390521"
    status: "交易成功"
    Income:Fund            -0.35 CNY
    Assets:AliPay:Balance   0.35 CNY

2025-04-15 * "兴全基金管理有限公司" "余额宝-2025.04.14-收益发放"
    time: "05:49:14"
    uuid: "20250415314372310521"
    status: "交易成功"
    Income:Fund            -0.27 CNY
    Assets:AliPay:Balance   0.27 CNY

2025-04-14 * "兴全基金管理有限公司" "余额宝-2025.04.13-收益发放"
    time: "04:44:32"
    uuid: "20250414309041820521"
    status: "交易成功"
    Income:Fund            -0.25 CNY
    Assets:AliPay:Balance   0.25 CNY

2025-04-13 * "兴全基金管理有限公司" "余额宝-2025.04.12-收益发放"
    time: "04:39:18"
    uuid: "20250413304136753521"
    status: "交易成功"
    Income:Fund            -0.25 CNY
    Assets:AliPay:Balance   0.25 CNY

2025-04-12 * "兴全基金管理有限公司" "余额宝-2025.04.11-收益发放"
    time: "06:03:19"
    uuid: "20250412399357742521"
    status: "交易成功"
    Income:Fund            -0.27 CNY
    Assets:AliPay:Balance   0.27 CNY

2025-04-11 * "兴全基金管理有限公司" "余额宝-2025.04.10-收益发放"
    time: "04:25:41"
    uuid: "20250411393714092521"
    status: "交易成功"
    Income:Fund            -0.26 CNY
    Assets:AliPay:Balance   0.26 CNY

2025-04-10 * "兴全基金管理有限公司" "余额宝-2025.04.09-收益发放"
    time: "04:38:37"
    uuid: "20250410387098009521"
    status: "交易成功"
    Income:Fund            -0.27 CNY
    Assets:AliPay:Balance   0.27 CNY

2025-04-09 * "兴全基金管理有限公司" "余额宝-2025.04.08-收益发放"
    time: "04:05:38"
    uuid: "20250409381442602521"
    status: "交易成功"
    Income:Fund            -0.37 CNY
    Assets:AliPay:Balance   0.37 CNY

2025-04-08 * "兴全基金管理有限公司" "余额宝-2025.04.07-收益发放"
    time: "05:54:22"
    uuid: "20250408376887118521"
    status: "交易成功"
    Income:Fund            -0.34 CNY
    Assets:AliPay:Balance   0.34 CNY

2025-04-07 * "兴全基金管理有限公司" "余额宝-2025.04.06-收益发放"
    time: "04:38:44"
    uuid: "20250407370921163521"
    status: "交易成功"
    Income:Fund            -0.39 CNY
    Assets:AliPay:Balance   0.39 CNY

2025-04-06 * "兴全基金管理有限公司" "余额宝-2025.04.05-收益发放"
    time: "04:48:26"
    uuid: "20250406365953861521"
    status: "交易成功"
    Income:Fund            -0.39 CNY
    Assets:AliPay:Balance   0.39 CNY

2025-04-05 * "兴全基金管理有限公司" "余额宝-2025.04.04-收益发放"
    time: "04:06:26"
    uuid: "20250405360170359521"
    status: "交易成功"
    Income:Fund            -0.39 CNY
    Assets:AliPay:Balance   0.39 CNY

2025-04-04 * "兴全基金管理有限公司" "余额宝-2025.04.03-收益发放"
    time: "05:03:36"
    uuid: "20250404356127371521"
    status: "交易成功"
    Income:Fund            -0.39 CNY
    Assets:AliPay:Balance   0.39 CNY

2025-04-03 * "兴全基金管理有限公司" "余额宝-2025.04.02-收益发放"
    time: "04:15:41"
    uuid: "20250403350253062521"
    status: "交易成功"
    Income:Fund            -0.39 CNY
    Assets:AliPay:Balance   0.39 CNY

2025-04-02 * "兴全基金管理有限公司" "余额宝-2025.04.01-收益发放"
    time: "04:41:41"
    uuid: "20250402344633262521"
    status: "交易成功"
    Income:Fund            -0.40 CNY
    Assets:AliPay:Balance   0.40 CNY

2025-04-01 * "兴全基金管理有限公司" "余额宝-2025.03.31-收益发放"
    time: "04:28:16"
    uuid: "20250401339163267521"
    status: "交易成功"
    Income:Fund            -0.37 CNY
    Assets:AliPay:Balance   0.37 CNY

