2025-06-30 * "兴全基金管理有限公司" "余额宝-2025.06.29-收益发放"
    time: "04:05:17"
    uuid: "20250630384949641521"
    status: "交易成功"
    Income:Fund            -0.52 CNY
    Assets:AliPay:Balance   0.52 CNY

2025-06-29 * "兴全基金管理有限公司" "余额宝-2025.06.28-收益发放"
    time: "04:37:14"
    uuid: "20250629380256385521"
    status: "交易成功"
    Income:Fund            -0.52 CNY
    Assets:AliPay:Balance   0.52 CNY

2025-06-28 * "兴全基金管理有限公司" "余额宝-2025.06.27-收益发放"
    time: "05:53:25"
    uuid: "20250628375753109521"
    status: "交易成功"
    Income:Fund            -0.52 CNY
    Assets:AliPay:Balance   0.52 CNY

2025-06-27 * "兴全基金管理有限公司" "余额宝-2025.06.26-收益发放"
    time: "04:32:25"
    uuid: "20250627369456148521"
    status: "交易成功"
    Income:Fund            -0.53 CNY
    Assets:AliPay:Balance   0.53 CNY

2025-06-26 * "兴全基金管理有限公司" "余额宝-2025.06.25-收益发放"
    time: "04:03:37"
    uuid: "20250626364271334521"
    status: "交易成功"
    Income:Fund            -0.53 CNY
    Assets:AliPay:Balance   0.53 CNY

2025-06-25 * "兴全基金管理有限公司" "余额宝-2025.06.24-收益发放"
    time: "04:37:37"
    uuid: "20250625358971817521"
    status: "交易成功"
    Income:Fund            -0.54 CNY
    Assets:AliPay:Balance   0.54 CNY

2025-06-24 * "兴全基金管理有限公司" "余额宝-2025.06.23-收益发放"
    time: "04:31:38"
    uuid: "20250624353419016521"
    status: "交易成功"
    Income:Fund            -0.52 CNY
    Assets:AliPay:Balance   0.52 CNY

2025-06-23 * "兴全基金管理有限公司" "余额宝-2025.06.22-收益发放"
    time: "04:37:19"
    uuid: "20250623348430117521"
    status: "交易成功"
    Income:Fund            -0.51 CNY
    Assets:AliPay:Balance   0.51 CNY

2025-06-22 * "兴全基金管理有限公司" "余额宝-2025.06.21-收益发放"
    time: "04:18:12"
    uuid: "20250622343025448521"
    status: "交易成功"
    Income:Fund            -0.51 CNY
    Assets:AliPay:Balance   0.51 CNY

2025-06-21 * "兴全基金管理有限公司" "余额宝-2025.06.20-收益发放"
    time: "04:51:13"
    uuid: "20250621337471879521"
    status: "交易成功"
    Income:Fund            -0.52 CNY
    Assets:AliPay:Balance   0.52 CNY

2025-06-20 * "兴全基金管理有限公司" "余额宝-2025.06.19-收益发放"
    time: "03:21:12"
    uuid: "20250620330990359521"
    status: "交易成功"
    Income:Fund            -0.53 CNY
    Assets:AliPay:Balance   0.53 CNY

2025-06-19 * "兴全基金管理有限公司" "余额宝-2025.06.18-收益发放"
    time: "04:28:19"
    uuid: "20250619325406877521"
    status: "交易成功"
    Income:Fund            -0.53 CNY
    Assets:AliPay:Balance   0.53 CNY

2025-06-18 * "兴全基金管理有限公司" "余额宝-2025.06.17-收益发放"
    time: "04:32:20"
    uuid: "20250618319372279521"
    status: "交易成功"
    Income:Fund            -0.53 CNY
    Assets:AliPay:Balance   0.53 CNY

2025-06-17 * "兴全基金管理有限公司" "余额宝-2025.06.16-收益发放"
    time: "03:17:38"
    uuid: "20250617313642269521"
    status: "交易成功"
    Income:Fund            -0.53 CNY
    Assets:AliPay:Balance   0.53 CNY

2025-06-16 * "兴全基金管理有限公司" "余额宝-2025.06.15-收益发放"
    time: "03:17:29"
    uuid: "20250616307981122521"
    status: "交易成功"
    Income:Fund            -0.52 CNY
    Assets:AliPay:Balance   0.52 CNY

2025-06-15 * "兴全基金管理有限公司" "余额宝-2025.06.14-收益发放"
    time: "04:46:18"
    uuid: "20250615303291014521"
    status: "交易成功"
    Income:Fund            -0.52 CNY
    Assets:AliPay:Balance   0.52 CNY

2025-06-14 * "兴全基金管理有限公司" "余额宝-2025.06.13-收益发放"
    time: "03:54:14"
    uuid: "20250614396738724521"
    status: "交易成功"
    Income:Fund            -0.53 CNY
    Assets:AliPay:Balance   0.53 CNY

2025-06-13 * "兴全基金管理有限公司" "余额宝-2025.06.12-收益发放"
    time: "04:14:17"
    uuid: "20250613391390509521"
    status: "交易成功"
    Income:Fund            -0.56 CNY
    Assets:AliPay:Balance   0.56 CNY

2025-06-12 * "兴全基金管理有限公司" "余额宝-2025.06.11-收益发放"
    time: "04:06:43"
    uuid: "20250612386061081521"
    status: "交易成功"
    Income:Fund            -0.38 CNY
    Assets:AliPay:Balance   0.38 CNY

2025-06-11 * "兴全基金管理有限公司" "余额宝-2025.06.10-收益发放"
    time: "04:44:33"
    uuid: "20250611380710515521"
    status: "交易成功"
    Income:Fund            -0.37 CNY
    Assets:AliPay:Balance   0.37 CNY

2025-06-10 * "兴全基金管理有限公司" "余额宝-2025.06.09-收益发放"
    time: "04:20:41"
    uuid: "20250610374400644521"
    status: "交易成功"
    Income:Fund            -0.48 CNY
    Assets:AliPay:Balance   0.48 CNY

2025-06-09 * "兴全基金管理有限公司" "余额宝-2025.06.08-收益发放"
    time: "04:23:18"
    uuid: "20250609368260374521"
    status: "交易成功"
    Income:Fund            -0.48 CNY
    Assets:AliPay:Balance   0.48 CNY

2025-06-08 * "兴全基金管理有限公司" "余额宝-2025.06.07-收益发放"
    time: "04:31:44"
    uuid: "20250608363271156521"
    status: "交易成功"
    Income:Fund            -0.48 CNY
    Assets:AliPay:Balance   0.48 CNY

2025-06-07 * "兴全基金管理有限公司" "余额宝-2025.06.06-收益发放"
    time: "05:57:40"
    uuid: "20250607357505104521"
    status: "交易成功"
    Income:Fund            -0.52 CNY
    Assets:AliPay:Balance   0.52 CNY

2025-06-06 * "兴全基金管理有限公司" "余额宝-2025.06.05-收益发放"
    time: "04:40:16"
    uuid: "20250606351620633521"
    status: "交易成功"
    Income:Fund            -0.52 CNY
    Assets:AliPay:Balance   0.52 CNY

2025-06-05 * "兴全基金管理有限公司" "余额宝-2025.06.04-收益发放"
    time: "03:59:27"
    uuid: "20250605345363417521"
    status: "交易成功"
    Income:Fund            -0.49 CNY
    Assets:AliPay:Balance   0.49 CNY

2025-06-04 * "兴全基金管理有限公司" "余额宝-2025.06.03-收益发放"
    time: "05:53:30"
    uuid: "20250604339960364521"
    status: "交易成功"
    Income:Fund            -0.49 CNY
    Assets:AliPay:Balance   0.49 CNY

2025-06-03 * "兴全基金管理有限公司" "余额宝-2025.06.02-收益发放"
    time: "04:18:27"
    uuid: "20250603332847948521"
    status: "交易成功"
    Income:Fund            -0.48 CNY
    Assets:AliPay:Balance   0.48 CNY

2025-06-02 * "兴全基金管理有限公司" "余额宝-2025.06.01-收益发放"
    time: "04:17:44"
    uuid: "20250602325944534521"
    status: "交易成功"
    Income:Fund            -0.48 CNY
    Assets:AliPay:Balance   0.48 CNY

2025-06-01 * "兴全基金管理有限公司" "余额宝-2025.05.31-收益发放"
    time: "04:52:32"
    uuid: "20250601320280722521"
    status: "交易成功"
    Income:Fund            -0.48 CNY
    Assets:AliPay:Balance   0.48 CNY

2025-06-01 * "兴全基金管理有限公司" "余额宝-2025.05.31-收益发放"
    time: "04:52:32"
    uuid: "20250601320280722521"
    status: "交易成功"
    Income:Fund            -0.48 CNY
    Assets:AliPay:Balance   0.48 CNY