2025-07-25 * "兴全基金管理有限公司" "余额宝-2025.07.24-收益发放"
    time: "04:22:35"
    uuid: "20250725321841449521"
    status: "交易成功"
    Income:Fund            -0.85 CNY
    Assets:AliPay:Balance   0.85 CNY

2025-07-24 * "兴全基金管理有限公司" "余额宝-2025.07.23-收益发放"
    time: "04:13:37"
    uuid: "20250724316683588521"
    status: "交易成功"
    Income:Fund            -0.79 CNY
    Assets:AliPay:Balance   0.79 CNY

2025-07-23 * "兴全基金管理有限公司" "余额宝-2025.07.22-收益发放"
    time: "03:40:37"
    uuid: "20250723310958830521"
    status: "交易成功"
    Income:Fund            -0.80 CNY
    Assets:AliPay:Balance   0.80 CNY

2025-07-22 * "兴全基金管理有限公司" "余额宝-2025.07.21-收益发放"
    time: "04:00:39"
    uuid: "20250722306219038521"
    status: "交易成功"
    Income:Fund            -0.80 CNY
    Assets:AliPay:Balance   0.80 CNY

2025-07-21 * "兴全基金管理有限公司" "余额宝-2025.07.20-收益发放"
    time: "04:27:26"
    uuid: "20250721300534505521"
    status: "交易成功"
    Income:Fund            -0.79 CNY
    Assets:AliPay:Balance   0.79 CNY

2025-07-20 * "兴全基金管理有限公司" "余额宝-2025.07.19-收益发放"
    time: "04:35:13"
    uuid: "20250720396192005521"
    status: "交易成功"
    Income:Fund            -0.80 CNY
    Assets:AliPay:Balance   0.80 CNY

2025-07-19 * "兴全基金管理有限公司" "余额宝-2025.07.18-收益发放"
    time: "04:29:21"
    uuid: "20250719390924103521"
    status: "交易成功"
    Income:Fund            -0.81 CNY
    Assets:AliPay:Balance   0.81 CNY

2025-07-18 * "兴全基金管理有限公司" "余额宝-2025.07.17-收益发放"
    time: "04:19:14"
    uuid: "20250718385399609521"
    status: "交易成功"
    Income:Fund            -0.82 CNY
    Assets:AliPay:Balance   0.82 CNY

2025-07-17 * "兴全基金管理有限公司" "余额宝-2025.07.16-收益发放"
    time: "04:08:23"
    uuid: "20250717379142603521"
    status: "交易成功"
    Income:Fund            -0.82 CNY
    Assets:AliPay:Balance   0.82 CNY

2025-07-16 * "兴全基金管理有限公司" "余额宝-2025.07.15-收益发放"
    time: "04:08:29"
    uuid: "20250716373177930521"
    status: "交易成功"
    Income:Fund            -0.83 CNY
    Assets:AliPay:Balance   0.83 CNY

2025-07-15 * "兴全基金管理有限公司" "余额宝-2025.07.14-收益发放"
    time: "05:34:40"
    uuid: "20250715368460144521"
    status: "交易成功"
    Income:Fund            -0.68 CNY
    Assets:AliPay:Balance   0.68 CNY

2025-07-14 * "兴全基金管理有限公司" "余额宝-2025.07.13-收益发放"
    time: "04:08:17"
    uuid: "20250714361646419521"
    status: "交易成功"
    Income:Fund            -0.66 CNY
    Assets:AliPay:Balance   0.66 CNY

2025-07-13 * "兴全基金管理有限公司" "余额宝-2025.07.12-收益发放"
    time: "04:49:31"
    uuid: "20250713357208851521"
    status: "交易成功"
    Income:Fund            -0.66 CNY
    Assets:AliPay:Balance   0.66 CNY

2025-07-12 * "兴全基金管理有限公司" "余额宝-2025.07.11-收益发放"
    time: "03:55:14"
    uuid: "20250712351670264521"
    status: "交易成功"
    Income:Fund            -0.66 CNY
    Assets:AliPay:Balance   0.66 CNY

2025-07-11 * "兴全基金管理有限公司" "余额宝-2025.07.10-收益发放"
    time: "04:19:15"
    uuid: "20250711346740273521"
    status: "交易成功"
    Income:Fund            -0.67 CNY
    Assets:AliPay:Balance   0.67 CNY

2025-07-10 * "兴全基金管理有限公司" "余额宝-2025.07.09-收益发放"
    time: "04:30:24"
    uuid: "20250710341264488521"
    status: "交易成功"
    Income:Fund            -0.68 CNY
    Assets:AliPay:Balance   0.68 CNY

2025-07-09 * "兴全基金管理有限公司" "余额宝-2025.07.08-收益发放"
    time: "04:24:38"
    uuid: "20250709335563847521"
    status: "交易成功"
    Income:Fund            -0.77 CNY
    Assets:AliPay:Balance   0.77 CNY

2025-07-08 * "兴全基金管理有限公司" "余额宝-2025.07.07-收益发放"
    time: "03:59:31"
    uuid: "20250708327555447521"
    status: "交易成功"
    Income:Fund            -0.78 CNY
    Assets:AliPay:Balance   0.78 CNY

2025-07-07 * "兴全基金管理有限公司" "余额宝-2025.07.06-收益发放"
    time: "03:59:11"
    uuid: "20250707322610478521"
    status: "交易成功"
    Income:Fund            -0.78 CNY
    Assets:AliPay:Balance   0.78 CNY

2025-07-06 * "兴全基金管理有限公司" "余额宝-2025.07.05-收益发放"
    time: "04:41:12"
    uuid: "20250706317695723521"
    status: "交易成功"
    Income:Fund            -0.78 CNY
    Assets:AliPay:Balance   0.78 CNY

2025-07-05 * "兴全基金管理有限公司" "余额宝-2025.07.04-收益发放"
    time: "04:30:42"
    uuid: "20250705311802491521"
    status: "交易成功"
    Income:Fund            -0.78 CNY
    Assets:AliPay:Balance   0.78 CNY

2025-07-04 * "兴全基金管理有限公司" "余额宝-2025.07.03-收益发放"
    time: "04:36:31"
    uuid: "20250704306888648521"
    status: "交易成功"
    Income:Fund            -0.54 CNY
    Assets:AliPay:Balance   0.54 CNY

2025-07-03 * "兴全基金管理有限公司" "余额宝-2025.07.02-收益发放"
    time: "03:55:17"
    uuid: "20250703301068349521"
    status: "交易成功"
    Income:Fund            -0.54 CNY
    Assets:AliPay:Balance   0.54 CNY

2025-07-02 * "兴全基金管理有限公司" "余额宝-2025.07.01-收益发放"
    time: "04:27:25"
    uuid: "20250702395615902521"
    status: "交易成功"
    Income:Fund            -0.52 CNY
    Assets:AliPay:Balance   0.52 CNY

2025-07-01 * "兴全基金管理有限公司" "余额宝-2025.06.30-收益发放"
    time: "03:51:40"
    uuid: "20250701390301436521"
    status: "交易成功"
    Income:Fund            -0.52 CNY
    Assets:AliPay:Balance   0.52 CNY

