2025-08-23 * "兴全基金管理有限公司" "余额宝-2025.08.22-收益发放"
    time: "04:16:14"
    uuid: "20250823382781481521"
    status: "交易成功"
    Income:Fund            -0.85 CNY
    Assets:AliPay:Balance   0.85 CNY

2025-08-22 * "兴全基金管理有限公司" "余额宝-2025.08.21-收益发放"
    time: "03:47:41"
    uuid: "20250822372430282521"
    status: "交易成功"
    Income:Fund            -0.85 CNY
    Assets:AliPay:Balance   0.85 CNY

2025-08-21 * "兴全基金管理有限公司" "余额宝-2025.08.20-收益发放"
    time: "04:15:40"
    uuid: "20250821366321915521"
    status: "交易成功"
    Income:Fund            -0.87 CNY
    Assets:AliPay:Balance   0.87 CNY

2025-08-20 * "兴全基金管理有限公司" "余额宝-2025.08.19-收益发放"
    time: "04:08:41"
    uuid: "20250820365130557521"
    status: "交易成功"
    Income:Fund            -0.89 CNY
    Assets:AliPay:Balance   0.89 CNY

2025-08-19 * "兴全基金管理有限公司" "余额宝-2025.08.18-收益发放"
    time: "04:17:39"
    uuid: "20250819359291963521"
    status: "交易成功"
    Income:Fund            -0.87 CNY
    Assets:AliPay:Balance   0.87 CNY

2025-08-18 * "兴全基金管理有限公司" "余额宝-2025.08.17-收益发放"
    time: "04:16:36"
    uuid: "20250818353210799521"
    status: "交易成功"
    Income:Fund            -0.87 CNY
    Assets:AliPay:Balance   0.87 CNY

2025-08-17 * "兴全基金管理有限公司" "余额宝-2025.08.16-收益发放"
    time: "04:25:22"
    uuid: "20250817347931975521"
    status: "交易成功"
    Income:Fund            -0.87 CNY
    Assets:AliPay:Balance   0.87 CNY

2025-08-16 * "兴全基金管理有限公司" "余额宝-2025.08.15-收益发放"
    time: "04:17:37"
    uuid: "20250816343165184521"
    status: "交易成功"
    Income:Fund            -0.88 CNY
    Assets:AliPay:Balance   0.88 CNY

2025-08-15 * "兴全基金管理有限公司" "余额宝-2025.08.14-收益发放"
    time: "04:24:28"
    uuid: "20250815337570758521"
    status: "交易成功"
    Income:Fund            -0.88 CNY
    Assets:AliPay:Balance   0.88 CNY

2025-08-14 * "兴全基金管理有限公司" "余额宝-2025.08.13-收益发放"
    time: "04:07:32"
    uuid: "20250814331593452521"
    status: "交易成功"
    Income:Fund            -0.89 CNY
    Assets:AliPay:Balance   0.89 CNY

2025-08-13 * "兴全基金管理有限公司" "余额宝-2025.08.12-收益发放"
    time: "04:15:15"
    uuid: "20250813326841726521"
    status: "交易成功"
    Income:Fund            -0.74 CNY
    Assets:AliPay:Balance   0.74 CNY

2025-08-12 * "兴全基金管理有限公司" "余额宝-2025.08.11-收益发放"
    time: "03:53:39"
    uuid: "20250812321500393521"
    status: "交易成功"
    Income:Fund            -0.74 CNY
    Assets:AliPay:Balance   0.74 CNY

2025-08-11 * "兴全基金管理有限公司" "余额宝-2025.08.10-收益发放"
    time: "04:15:12"
    uuid: "20250811316243623521"
    status: "交易成功"
    Income:Fund            -0.73 CNY
    Assets:AliPay:Balance   0.73 CNY

2025-08-10 * "兴全基金管理有限公司" "余额宝-2025.08.09-收益发放"
    time: "04:33:38"
    uuid: "20250810311130716521"
    status: "交易成功"
    Income:Fund            -0.75 CNY
    Assets:AliPay:Balance   0.75 CNY

2025-08-09 * "兴全基金管理有限公司" "余额宝-2025.08.08-收益发放"
    time: "04:03:40"
    uuid: "20250809305997108521"
    status: "交易成功"
    Income:Fund            -0.82 CNY
    Assets:AliPay:Balance   0.82 CNY

2025-08-08 * "兴全基金管理有限公司" "余额宝-2025.08.07-收益发放"
    time: "04:47:31"
    uuid: "20250808300374959521"
    status: "交易成功"
    Income:Fund            -0.82 CNY
    Assets:AliPay:Balance   0.82 CNY

2025-08-07 * "兴全基金管理有限公司" "余额宝-2025.08.06-收益发放"
    time: "04:15:33"
    uuid: "20250807394649582521"
    status: "交易成功"
    Income:Fund            -0.82 CNY
    Assets:AliPay:Balance   0.82 CNY

2025-08-06 * "兴全基金管理有限公司" "余额宝-2025.08.05-收益发放"
    time: "03:29:15"
    uuid: "20250806388622299521"
    status: "交易成功"
    Income:Fund            -0.82 CNY
    Assets:AliPay:Balance   0.82 CNY

2025-08-05 * "兴全基金管理有限公司" "余额宝-2025.08.04-收益发放"
    time: "04:30:11"
    uuid: "20250805382347535521"
    status: "交易成功"
    Income:Fund            -0.82 CNY
    Assets:AliPay:Balance   0.82 CNY

2025-08-04 * "兴全基金管理有限公司" "余额宝-2025.08.03-收益发放"
    time: "04:06:25"
    uuid: "20250804374078460521"
    status: "交易成功"
    Income:Fund            -0.82 CNY
    Assets:AliPay:Balance   0.82 CNY

2025-08-03 * "兴全基金管理有限公司" "余额宝-2025.08.02-收益发放"
    time: "04:45:21"
    uuid: "20250803369491114521"
    status: "交易成功"
    Income:Fund            -0.82 CNY
    Assets:AliPay:Balance   0.82 CNY

2025-08-02 * "兴全基金管理有限公司" "余额宝-2025.08.01-收益发放"
    time: "05:54:36"
    uuid: "20250802364834058521"
    status: "交易成功"
    Income:Fund            -0.82 CNY
    Assets:AliPay:Balance   0.82 CNY

2025-08-01 * "兴全基金管理有限公司" "余额宝-2025.07.31-收益发放"
    time: "04:11:23"
    uuid: "20250801358406092521"
    status: "交易成功"
    Income:Fund            -0.82 CNY
    Assets:AliPay:Balance   0.82 CNY

