2025-12-31 * "兴全基金管理有限公司" "余额宝-2025.12.30-收益发放"
    time: "04:23:35"
    uuid: "20251231337620673521"
    status: "交易成功"
    Income:Fund            -1.31 CNY
    Assets:AliPay:Balance   1.31 CNY


2025-12-30 * "兴全基金管理有限公司" "余额宝-2025.12.29-收益发放"
    time: "04:07:19"
    uuid: "20251230331712674521"
    status: "交易成功"
    Income:Fund            -1.29 CNY
    Assets:AliPay:Balance   1.29 CNY


2025-12-29 * "兴全基金管理有限公司" "余额宝-2025.12.28-收益发放"
    time: "03:24:33"
    uuid: "20251229325391104521"
    status: "交易成功"
    Income:Fund            -1.27 CNY
    Assets:AliPay:Balance   1.27 CNY


2025-12-28 * "兴全基金管理有限公司" "余额宝-2025.12.27-收益发放"
    time: "03:56:38"
    uuid: "20251228318445327521"
    status: "交易成功"
    Income:Fund            -1.27 CNY
    Assets:AliPay:Balance   1.27 CNY


2025-12-27 * "兴全基金管理有限公司" "余额宝-2025.12.26-收益发放"
    time: "04:28:26"
    uuid: "20251227309766800521"
    status: "交易成功"
    Income:Fund            -1.29 CNY
    Assets:AliPay:Balance   1.29 CNY


2025-12-26 * "兴全基金管理有限公司" "余额宝-2025.12.25-收益发放"
    time: "04:36:16"
    uuid: "20251226306607949521"
    status: "交易成功"
    Income:Fund            -1.28 CNY
    Assets:AliPay:Balance   1.28 CNY


2025-12-25 * "兴全基金管理有限公司" "余额宝-2025.12.24-收益发放"
    time: "05:48:28"
    uuid: "20251225300727610521"
    status: "交易成功"
    Income:Fund            -1.30 CNY
    Assets:AliPay:Balance   1.30 CNY


2025-12-24 * "兴全基金管理有限公司" "余额宝-2025.12.23-收益发放"
    time: "04:12:16"
    uuid: "20251224393131604521"
    status: "交易成功"
    Income:Fund            -1.25 CNY
    Assets:AliPay:Balance   1.25 CNY


2025-12-23 * "兴全基金管理有限公司" "余额宝-2025.12.22-收益发放"
    time: "05:31:42"
    uuid: "20251223387233703521"
    status: "交易成功"
    Income:Fund            -1.26 CNY
    Assets:AliPay:Balance   1.26 CNY


2025-12-22 * "兴全基金管理有限公司" "余额宝-2025.12.21-收益发放"
    time: "04:30:17"
    uuid: "20251222380922958521"
    status: "交易成功"
    Income:Fund            -1.25 CNY
    Assets:AliPay:Balance   1.25 CNY


2025-12-21 * "兴全基金管理有限公司" "余额宝-2025.12.20-收益发放"
    time: "04:00:38"
    uuid: "20251221374072639521"
    status: "交易成功"
    Income:Fund            -1.25 CNY
    Assets:AliPay:Balance   1.25 CNY


2025-12-20 * "兴全基金管理有限公司" "余额宝-2025.12.19-收益发放"
    time: "04:16:31"
    uuid: "20251220367173883521"
    status: "交易成功"
    Income:Fund            -1.25 CNY
    Assets:AliPay:Balance   1.25 CNY


2025-12-19 * "兴全基金管理有限公司" "余额宝-2025.12.18-收益发放"
    time: "04:21:28"
    uuid: "20251219361495303521"
    status: "交易成功"
    Income:Fund            -1.28 CNY
    Assets:AliPay:Balance   1.28 CNY


2025-12-18 * "兴全基金管理有限公司" "余额宝-2025.12.17-收益发放"
    time: "04:03:29"
    uuid: "20251218354731555521"
    status: "交易成功"
    Income:Fund            -1.24 CNY
    Assets:AliPay:Balance   1.24 CNY


2025-12-17 * "兴全基金管理有限公司" "余额宝-2025.12.16-收益发放"
    time: "04:06:16"
    uuid: "20251217348320779521"
    status: "交易成功"
    Income:Fund            -1.23 CNY
    Assets:AliPay:Balance   1.23 CNY


2025-12-16 * "兴全基金管理有限公司" "余额宝-2025.12.15-收益发放"
    time: "04:34:39"
    uuid: "20251216343291041521"
    status: "交易成功"
    Income:Fund            -1.23 CNY
    Assets:AliPay:Balance   1.23 CNY


2025-12-15 * "兴全基金管理有限公司" "余额宝-2025.12.14-收益发放"
    time: "04:29:15"
    uuid: "20251215335882288521"
    status: "交易成功"
    Income:Fund            -1.24 CNY
    Assets:AliPay:Balance   1.24 CNY


2025-12-14 * "兴全基金管理有限公司" "余额宝-2025.12.13-收益发放"
    time: "04:31:28"
    uuid: "20251214329990984521"
    status: "交易成功"
    Income:Fund            -1.24 CNY
    Assets:AliPay:Balance   1.24 CNY


2025-12-13 * "兴全基金管理有限公司" "余额宝-2025.12.12-收益发放"
    time: "04:49:19"
    uuid: "20251213324244472521"
    status: "交易成功"
    Income:Fund            -1.32 CNY
    Assets:AliPay:Balance   1.32 CNY


2025-12-12 * "兴全基金管理有限公司" "余额宝-2025.12.11-收益发放"
    time: "04:18:24"
    uuid: "20251212313142806521"
    status: "交易成功"
    Income:Fund            -1.24 CNY
    Assets:AliPay:Balance   1.24 CNY


2025-12-11 * "兴全基金管理有限公司" "余额宝-2025.12.10-收益发放"
    time: "03:55:14"
    uuid: "20251211307027656521"
    status: "交易成功"
    Income:Fund            -1.24 CNY
    Assets:AliPay:Balance   1.24 CNY


2025-12-10 * "兴全基金管理有限公司" "余额宝-2025.12.09-收益发放"
    time: "04:07:39"
    uuid: "20251210305350909521"
    status: "交易成功"
    Income:Fund            -1.27 CNY
    Assets:AliPay:Balance   1.27 CNY


2025-12-09 * "兴全基金管理有限公司" "余额宝-2025.12.08-收益发放"
    time: "04:14:11"
    uuid: "20251209397280945521"
    status: "交易成功"
    Income:Fund            -1.25 CNY
    Assets:AliPay:Balance   1.25 CNY


2025-12-08 * "兴全基金管理有限公司" "余额宝-2025.12.07-收益发放"
    time: "03:45:21"
    uuid: "20251208387466995521"
    status: "交易成功"
    Income:Fund            -1.26 CNY
    Assets:AliPay:Balance   1.26 CNY

2025-12-07 * "兴全基金管理有限公司" "余额宝-2025.12.06-收益发放"
    time: "04:39:19"
    uuid: "20251207386684879521"
    status: "交易成功"
    Income:Fund            -1.26 CNY
    Assets:AliPay:Balance   1.26 CNY

2025-12-06 * "兴全基金管理有限公司" "余额宝-2025.12.05-收益发放"
    time: "04:46:23"
    uuid: "20251206379767634521"
    status: "交易成功"
    Income:Fund            -1.31 CNY
    Assets:AliPay:Balance   1.31 CNY

2025-12-05 * "兴全基金管理有限公司" "余额宝-2025.12.04-收益发放"
    time: "04:38:43"
    uuid: "20251205374311541521"
    status: "交易成功"
    Income:Fund            -1.27 CNY
    Assets:AliPay:Balance   1.27 CNY

2025-12-04 * "兴全基金管理有限公司" "余额宝-2025.12.03-收益发放"
    time: "04:05:46"
    uuid: "20251204366518518521"
    status: "交易成功"
    Income:Fund            -1.30 CNY
    Assets:AliPay:Balance   1.30 CNY

2025-12-03 * "兴全基金管理有限公司" "余额宝-2025.12.02-收益发放"
    time: "04:28:46"
    uuid: "20251203355211904521"
    status: "交易成功"
    Income:Fund            -1.30 CNY
    Assets:AliPay:Balance   1.30 CNY

2025-12-02 * "兴全基金管理有限公司" "余额宝-2025.12.01-收益发放"
    time: "04:19:49"
    uuid: "20251202353559957521"
    status: "交易成功"
    Income:Fund            -1.30 CNY
    Assets:AliPay:Balance   1.30 CNY

2025-12-01 * "兴全基金管理有限公司" "余额宝-2025.11.30-收益发放"
    time: "04:21:18"
    uuid: "20251201347445754521"
    status: "交易成功"
    Income:Fund            -1.29 CNY
    Assets:AliPay:Balance   1.29 CNY

