2026-01-31 * "兴全基金管理有限公司" "余额宝-2026.01.30-收益发放"
    time: "04:37:34"
    uuid: "20260131329335506521"
    status: "交易成功"
    Income:Funds            -1.50 CNY
    Assets:AliPay:Balance   1.50 CNY


2026-01-30 * "兴全基金管理有限公司" "余额宝-2026.01.29-收益发放"
    time: "04:18:16"
    uuid: "20260130327018806521"
    status: "交易成功"
    Income:Funds            -1.51 CNY
    Assets:AliPay:Balance   1.51 CNY


2026-01-29 * "兴全基金管理有限公司" "余额宝-2026.01.28-收益发放"
    time: "03:44:35"
    uuid: "20260129320182682521"
    status: "交易成功"
    Income:Funds            -1.51 CNY
    Assets:AliPay:Balance   1.51 CNY


2026-01-28 * "兴全基金管理有限公司" "余额宝-2026.01.27-收益发放"
    time: "04:13:22"
    uuid: "20260128313860304521"
    status: "交易成功"
    Income:Funds            -1.50 CNY
    Assets:AliPay:Balance   1.50 CNY


2026-01-27 * "兴全基金管理有限公司" "余额宝-2026.01.26-收益发放"
    time: "04:04:38"
    uuid: "20260127306666876521"
    status: "交易成功"
    Income:Funds            -1.49 CNY
    Assets:AliPay:Balance   1.49 CNY


2026-01-26 * "兴全基金管理有限公司" "余额宝-2026.01.25-收益发放"
    time: "03:50:12"
    uuid: "20260126395655639521"
    status: "交易成功"
    Income:Funds            -1.49 CNY
    Assets:AliPay:Balance   1.49 CNY


2026-01-25 * "兴全基金管理有限公司" "余额宝-2026.01.24-收益发放"
    time: "04:34:24"
    uuid: "20260125394520612521"
    status: "交易成功"
    Income:Funds            -1.49 CNY
    Assets:AliPay:Balance   1.49 CNY


2026-01-24 * "兴全基金管理有限公司" "余额宝-2026.01.23-收益发放"
    time: "04:34:35"
    uuid: "20260124388274322521"
    status: "交易成功"
    Income:Funds            -1.50 CNY
    Assets:AliPay:Balance   1.50 CNY


2026-01-23 * "兴全基金管理有限公司" "余额宝-2026.01.22-收益发放"
    time: "04:41:40"
    uuid: "20260123382572315521"
    status: "交易成功"
    Income:Funds            -1.50 CNY
    Assets:AliPay:Balance   1.50 CNY


2026-01-22 * "兴全基金管理有限公司" "余额宝-2026.01.21-收益发放"
    time: "03:38:11"
    uuid: "20260122371382176521"
    status: "交易成功"
    Income:Funds            -1.51 CNY
    Assets:AliPay:Balance   1.51 CNY


2026-01-21 * "兴全基金管理有限公司" "余额宝-2026.01.20-收益发放"
    time: "03:48:12"
    uuid: "20260121368823296521"
    status: "交易成功"
    Income:Funds            -1.50 CNY
    Assets:AliPay:Balance   1.50 CNY


2026-01-20 * "兴全基金管理有限公司" "余额宝-2026.01.19-收益发放"
    time: "04:29:21"
    uuid: "20260120362369799521"
    status: "交易成功"
    Income:Funds            -1.52 CNY
    Assets:AliPay:Balance   1.52 CNY


2026-01-19 * "兴全基金管理有限公司" "余额宝-2026.01.18-收益发放"
    time: "04:24:26"
    uuid: "20260119357035041521"
    status: "交易成功"
    Income:Funds            -1.51 CNY
    Assets:AliPay:Balance   1.51 CNY


2026-01-18 * "兴全基金管理有限公司" "余额宝-2026.01.17-收益发放"
    time: "03:43:14"
    uuid: "20260118347647941521"
    status: "交易成功"
    Income:Funds            -1.51 CNY
    Assets:AliPay:Balance   1.51 CNY


2026-01-17 * "兴全基金管理有限公司" "余额宝-2026.01.16-收益发放"
    time: "03:37:32"
    uuid: "20260117344979722521"
    status: "交易成功"
    Income:Funds            -1.51 CNY
    Assets:AliPay:Balance   1.51 CNY


2026-01-16 * "兴全基金管理有限公司" "余额宝-2026.01.15-收益发放"
    time: "04:14:25"
    uuid: "20260116338801708521"
    status: "交易成功"
    Income:Funds            -1.51 CNY
    Assets:AliPay:Balance   1.51 CNY


2026-01-15 * "兴全基金管理有限公司" "余额宝-2026.01.14-收益发放"
    time: "03:26:22"
    uuid: "20260115331889458521"
    status: "交易成功"
    Income:Funds            -1.30 CNY
    Assets:AliPay:Balance   1.30 CNY


2026-01-14 * "兴全基金管理有限公司" "余额宝-2026.01.13-收益发放"
    time: "04:09:42"
    uuid: "20260114326253523521"
    status: "交易成功"
    Income:Funds            -1.30 CNY
    Assets:AliPay:Balance   1.30 CNY


2026-01-13 * "兴全基金管理有限公司" "余额宝-2026.01.12-收益发放"
    time: "03:50:22"
    uuid: "20260113319520403521"
    status: "交易成功"
    Income:Funds            -1.31 CNY
    Assets:AliPay:Balance   1.31 CNY


2026-01-12 * "兴全基金管理有限公司" "余额宝-2026.01.11-收益发放"
    time: "03:44:12"
    uuid: "20260112309314595521"
    status: "交易成功"
    Income:Funds            -1.32 CNY
    Assets:AliPay:Balance   1.32 CNY


