2025-10-31 * "兴全基金管理有限公司" "余额宝-2025.10.30-收益发放"
    time: "04:19:28"
    uuid: "20251031337580311521"
    status: "交易成功"
    Income:Fund            -1.30 CNY
    Assets:AliPay:Balance   1.30 CNY

2025-10-30 * "兴全基金管理有限公司" "余额宝-2025.10.29-收益发放"
    time: "04:19:40"
    uuid: "20251030327514247521"
    status: "交易成功"
    Income:Fund            -1.29 CNY
    Assets:AliPay:Balance   1.29 CNY

2025-10-29 * "兴全基金管理有限公司" "余额宝-2025.10.28-收益发放"
    time: "04:48:40"
    uuid: "20251029323638649521"
    status: "交易成功"
    Income:Fund            -1.28 CNY
    Assets:AliPay:Balance   1.28 CNY

2025-10-28 * "兴全基金管理有限公司" "余额宝-2025.10.27-收益发放"
    time: "04:21:42"
    uuid: "20251028316996537521"
    status: "交易成功"
    Income:Fund            -1.29 CNY
    Assets:AliPay:Balance   1.29 CNY

2025-10-27 * "兴全基金管理有限公司" "余额宝-2025.10.26-收益发放"
    time: "03:55:30"
    uuid: "20251027309541168521"
    status: "交易成功"
    Income:Fund            -1.29 CNY
    Assets:AliPay:Balance   1.29 CNY

2025-10-26 * "兴全基金管理有限公司" "余额宝-2025.10.25-收益发放"
    time: "03:54:19"
    uuid: "20251026303867503521"
    status: "交易成功"
    Income:Fund            -1.29 CNY
    Assets:AliPay:Balance   1.29 CNY

2025-10-25 * "兴全基金管理有限公司" "余额宝-2025.10.24-收益发放"
    time: "04:28:36"
    uuid: "20251025397160756521"
    status: "交易成功"
    Income:Fund            -1.30 CNY
    Assets:AliPay:Balance   1.30 CNY

2025-10-24 * "兴全基金管理有限公司" "余额宝-2025.10.23-收益发放"
    time: "04:26:31"
    uuid: "20251024389596570521"
    status: "交易成功"
    Income:Fund            -1.29 CNY
    Assets:AliPay:Balance   1.29 CNY

2025-10-23 * "兴全基金管理有限公司" "余额宝-2025.10.22-收益发放"
    time: "04:07:27"
    uuid: "20251023383666471521"
    status: "交易成功"
    Income:Fund            -1.30 CNY
    Assets:AliPay:Balance   1.30 CNY

2025-10-22 * "兴全基金管理有限公司" "余额宝-2025.10.21-收益发放"
    time: "03:21:46"
    uuid: "20251022373518328521"
    status: "交易成功"
    Income:Fund            -1.28 CNY
    Assets:AliPay:Balance   1.28 CNY

2025-10-21 * "兴全基金管理有限公司" "余额宝-2025.10.20-收益发放"
    time: "04:28:18"
    uuid: "20251021369356647521"
    status: "交易成功"
    Income:Fund            -1.30 CNY
    Assets:AliPay:Balance   1.30 CNY

2025-10-20 * "兴全基金管理有限公司" "余额宝-2025.10.19-收益发放"
    time: "04:24:32"
    uuid: "20251020363585636521"
    status: "交易成功"
    Income:Fund            -1.31 CNY
    Assets:AliPay:Balance   1.31 CNY

2025-10-19 * "兴全基金管理有限公司" "余额宝-2025.10.18-收益发放"
    time: "04:42:19"
    uuid: "20251019354519734521"
    status: "交易成功"
    Income:Fund            -1.31 CNY
    Assets:AliPay:Balance   1.31 CNY

2025-10-18 * "兴全基金管理有限公司" "余额宝-2025.10.17-收益发放"
    time: "04:35:42"
    uuid: "20251018350437559521"
    status: "交易成功"
    Income:Fund            -1.32 CNY
    Assets:AliPay:Balance   1.32 CNY

2025-10-17 * "兴全基金管理有限公司" "余额宝-2025.10.16-收益发放"
    time: "03:49:32"
    uuid: "20251017340127280521"
    status: "交易成功"
    Income:Fund            -1.01 CNY
    Assets:AliPay:Balance   1.01 CNY

2025-10-16 * "兴全基金管理有限公司" "余额宝-2025.10.15-收益发放"
    time: "04:00:23"
    uuid: "20251016336750612521"
    status: "交易成功"
    Income:Fund            -1.01 CNY
    Assets:AliPay:Balance   1.01 CNY

2025-10-15 * "兴全基金管理有限公司" "余额宝-2025.10.14-收益发放"
    time: "04:41:39"
    uuid: "20251015330010198521"
    status: "交易成功"
    Income:Fund            -1.02 CNY
    Assets:AliPay:Balance   1.02 CNY

2025-10-14 * "兴全基金管理有限公司" "余额宝-2025.10.13-收益发放"
    time: "04:10:34"
    uuid: "20251014322713203521"
    status: "交易成功"
    Income:Fund            -0.88 CNY
    Assets:AliPay:Balance   0.88 CNY

2025-10-13 * "兴全基金管理有限公司" "余额宝-2025.10.12-收益发放"
    time: "04:28:47"
    uuid: "20251013316712442521"
    status: "交易成功"
    Income:Fund            -0.88 CNY
    Assets:AliPay:Balance   0.88 CNY

2025-10-12 * "兴全基金管理有限公司" "余额宝-2025.10.11-收益发放"
    time: "03:41:25"
    uuid: "20251012304082247521"
    status: "交易成功"
    Income:Fund            -0.88 CNY
    Assets:AliPay:Balance   0.88 CNY

2025-10-11 * "兴全基金管理有限公司" "余额宝-2025.10.10-收益发放"
    time: "04:24:14"
    uuid: "20251011303579700521"
    status: "交易成功"
    Income:Fund            -0.88 CNY
    Assets:AliPay:Balance   0.88 CNY

2025-10-10 * "兴全基金管理有限公司" "余额宝-2025.10.09-收益发放"
    time: "04:49:29"
    uuid: "20251010396837775521"
    status: "交易成功"
    Income:Fund            -0.90 CNY
    Assets:AliPay:Balance   0.90 CNY

2025-10-09 * "兴全基金管理有限公司" "余额宝-2025.10.08-收益发放"
    time: "04:35:45"
    uuid: "20251009389133999521"
    status: "交易成功"
    Income:Fund            -0.89 CNY
    Assets:AliPay:Balance   0.89 CNY

2025-10-08 * "兴全基金管理有限公司" "余额宝-2025.10.07-收益发放"
    time: "03:35:33"
    uuid: "20251008377741082521"
    status: "交易成功"
    Income:Fund            -0.94 CNY
    Assets:AliPay:Balance   0.94 CNY

2025-10-07 * "兴全基金管理有限公司" "余额宝-2025.10.06-收益发放"
    time: "04:47:32"
    uuid: "20251007377252510521"
    status: "交易成功"
    Income:Fund            -0.94 CNY
    Assets:AliPay:Balance   0.94 CNY

2025-10-06 * "兴全基金管理有限公司" "余额宝-2025.10.05-收益发放"
    time: "03:33:43"
    uuid: "20251006365200077521"
    status: "交易成功"
    Income:Fund            -0.94 CNY
    Assets:AliPay:Balance   0.94 CNY

2025-10-05 * "兴全基金管理有限公司" "余额宝-2025.10.04-收益发放"
    time: "04:41:15"
    uuid: "20251005364057354521"
    status: "交易成功"
    Income:Fund            -0.94 CNY
    Assets:AliPay:Balance   0.94 CNY

2025-10-04 * "兴全基金管理有限公司" "余额宝-2025.10.03-收益发放"
    time: "04:54:28"
    uuid: "20251004357694315521"
    status: "交易成功"
    Income:Fund            -0.94 CNY
    Assets:AliPay:Balance   0.94 CNY

2025-10-03 * "兴全基金管理有限公司" "余额宝-2025.10.02-收益发放"
    time: "04:28:17"
    uuid: "20251003351069019521"
    status: "交易成功"
    Income:Fund            -0.94 CNY
    Assets:AliPay:Balance   0.94 CNY

2025-10-02 * "兴全基金管理有限公司" "余额宝-2025.10.01-收益发放"
    time: "04:27:39"
    uuid: "20251002343805203521"
    status: "交易成功"
    Income:Fund            -0.94 CNY
    Assets:AliPay:Balance   0.94 CNY

2025-10-01 * "兴全基金管理有限公司" "余额宝-2025.09.30-收益发放"
    time: "04:28:14"
    uuid: "20251001338086320521"
    status: "交易成功"
    Income:Fund            -0.95 CNY
    Assets:AliPay:Balance   0.95 CNY