2025-11-30 * "ä¸­è¿äº¤é€š" "TK2025113095714,2025-12-02 06:46è¥¿é’å¤§é“å…¬äº¤ç«™â†’ä¸‰å…ƒé‡Œåœ°é“A1å‡ºå£æ‹›"
    time: "23:19:09"
    uuid: "4200002953202511304447726865"
    status: "æ”¯ä»˜æˆåŠŸ"
    Expenses:Transport                 12.80 CNY
    Assets:WeChat                     -12.80 CNY

2025-11-30 * "ä¸­è¿äº¤é€š" "TK2025113095581,2025-12-01 18:00ä¸‰å…ƒé‡Œåœ°é“A1å‡ºå£æ‹›å‘¼ç«™â†’ä¸‰æ°´å¹¿åœºå…¬"
    time: "23:16:05"
    uuid: "4200002951202511306668545159"
    status: "æ”¯ä»˜æˆåŠŸ"
    Expenses:Transport                 12.80 CNY
    Assets:WeChat                     -12.80 CNY

2025-11-30 * "___JoeğŸ’‹" "æ”¶æ¬¾æ–¹å¤‡æ³¨:äºŒç»´ç æ”¶æ¬¾"
    time: "18:06:14"
    uuid: "53110000905145202511300784001683"
    status: "å·²è½¬è´¦"
    Expenses:Other                    500.00 CNY
    Assets:WeChat                    -500.00 CNY

2025-11-30 * "ä¸‡è¾¾å¹¿åœºåœè½¦åœº" "20251130174430878534P" #tiwng/play
    time: "17:44:39"
    uuid: "4200002867202511307610992381"
    status: "æ”¯ä»˜æˆåŠŸ"
    Expenses:Transport:Car:Parking     11.00 CNY
    Assets:WeChat                     -11.00 CNY

2025-11-30 * "éœ¸ç‹èŒ¶å§¬" "CHAGEEéœ¸ç‹èŒ¶å§¬ï¼ˆå¹¿ä¸œä½›å±±ä¸‰æ°´ä¸‡è¾¾å¹¿åœºåº—ï¼‰" #tiwng/play
    time: "14:36:27"
    uuid: "4200002931202511300462551634"
    status: "æ”¯ä»˜æˆåŠŸ"
    Expenses:Food:Snack                36.00 CNY
    Assets:WeChat                     -36.00 CNY

2025-11-29 * "é’±å¤§å¦ˆ" "é²œé»„ç‰›ç‰›è‚‰ 1ä»¶"
    time: "12:42:48"
    uuid: "2025112922001453521425442728"
    status: "äº¤æ˜“æˆåŠŸ"
    Expenses:Food:Vegetables           27.75 CNY
    Liabilities:CMBCreditCard:2035    -27.75 CNY

2025-11-29 * "ğ¯ ¥æ…§" "æ”¶æ¬¾æ–¹å¤‡æ³¨:äºŒç»´ç æ”¶æ¬¾"
    time: "09:50:21"
    uuid: "53110000919047202511290835605860"
    status: "å·²è½¬è´¦"
    Expenses:Food:Snack                 3.00 CNY
    Assets:WeChat                      -3.00 CNY

2025-11-28 * "é¾™å…ˆç”Ÿ" "æ”¶é’±ç æ”¶æ¬¾"
    time: "22:20:42"
    uuid: "2025112822001453521424362820"
    status: "äº¤æ˜“æˆåŠŸ"
    Expenses:Home:Haircut              24.50 CNY
    Liabilities:Huabei                -24.50 CNY

2025-11-28 * "åŠ³æ‹‰**åº—" "åŠ³æ‹‰ä¹‹æ˜Ÿ0776åŠ©åŠ›å¸¦æ¡åŠ›å¸¦å¥èº«æ‰‹å¥—å¼•ä½“å‘ä¸Šç”·ç¡¬æ‹‰æŠ¤æŒæŠ¤è…•å¥³è¾…åŠ© ç­‰å¤šä»¶"
    time: "22:08:24"
    uuid: "2025112822001153521427624789"
    status: "ç­‰å¾…ç¡®è®¤æ”¶è´§"
    Expenses:Shopping:Home            143.50 CNY
    Liabilities:CMBCreditCard:2035   -143.50 CNY

2025-11-28 * "ä¸‰æ°´Eéª‘" "æ”¯ä»˜éª‘è¡Œè®¢å•"
    time: "21:37:57"
    uuid: "4200002918202511286625929438"
    status: "WeChat - æ”¯ä»˜æˆåŠŸ"
    Expenses:Others                     2.50 CNY
    Assets:WeChat                      -2.50 CNY

2025-11-28 * "å¹¿å·åœ°é“é›†å›¢æœ‰é™å…¬å¸" "2025-11-28 17:39:52æ­ä¹˜å¹¿å·åœ°é“"
    time: "17:50:19"
    uuid: "2025112822001453521426669354"
    status: "äº¤æ˜“æˆåŠŸ"
    Expenses:Transport                  2.00 CNY
    Liabilities:CMBCreditCard:2035     -2.00 CNY

2025-11-28 * "èš‚èšè´¢å¯Œ-èš‚èšï¼ˆæ­å·ï¼‰åŸºé‡‘é”€å”®æœ‰é™å…¬å¸" "èš‚èšè´¢å¯Œ-å¹¿å‘çº³æ–¯è¾¾å…‹100ETFè”æ¥(QDII)A-ä¹°å…¥"
    time: "09:26:10"
    uuid: "20251128001080012204520067432252"
    status: "äº¤æ˜“æˆåŠŸ"
    Assets:AliPay:Funds                10.00 CNY
    Assets:AliPay:Balance             -10.00 CNY

2025-11-28 * "å¹¿å·åœ°é“é›†å›¢æœ‰é™å…¬å¸" "2025-11-28 07:41:04æ­ä¹˜å¹¿å·åœ°é“"
    time: "07:53:11"
    uuid: "2025112822001453521421701259"
    status: "äº¤æ˜“æˆåŠŸ"
    Expenses:Transport                  2.00 CNY
    Liabilities:CMBCreditCard:2035     -2.00 CNY

2025-11-27 * "ä½›å±±å¸‚å¹¿ä½›é€šç”µå­æ”¶è´¹è¥è¿æœ‰é™å…¬å¸" "ä½›å±±å…¬äº¤-ä¹˜è½¦æ—¶é—´:2025-11-27 21:18:41"
    time: "21:18:43"
    uuid: "2025112722001453521421990660"
    status: "äº¤æ˜“æˆåŠŸ"
    Expenses:Transport                  2.00 CNY
    Liabilities:CMBCreditCard:2035     -2.00 CNY

2025-11-27 * "ä½›å±±å¸‚å¹¿ä½›é€šç”µå­æ”¶è´¹è¥è¿æœ‰é™å…¬å¸" "ä½›å±±å…¬äº¤-ä¹˜è½¦æ—¶é—´:2025-11-27 21:12:19"
    time: "21:12:20"
    uuid: "2025112722001453521418193933"
    status: "äº¤æ˜“æˆåŠŸ"
    Expenses:Transport                  2.00 CNY
    Liabilities:CMBCreditCard:2035     -2.00 CNY

2025-11-27 * "å¹¿å·åœ°é“é›†å›¢æœ‰é™å…¬å¸" "2025-11-27 17:43:07æ­ä¹˜å¹¿å·åœ°é“"
    time: "17:53:12"
    uuid: "2025112722001453521418335966"
    status: "äº¤æ˜“æˆåŠŸ"
    Expenses:Transport                  2.00 CNY
    Liabilities:CMBCreditCard:2035     -2.00 CNY

2025-11-27 * "ä¸­è¿äº¤é€š" "TK2025112747244,2025-12-01 06:36ä¸‡è¾¾ååºœå…¬äº¤ç«™â†’ä¸‰å…ƒé‡Œåœ°é“A1å‡ºå£æ‹›"
    time: "16:19:20"
    uuid: "4200002936202511275754981126"
    status: "æ”¯ä»˜æˆåŠŸ"
    Expenses:Transport                 12.80 CNY
    Assets:WeChat                     -12.80 CNY

2025-11-27 * "å¹¿å·åœ°é“é›†å›¢æœ‰é™å…¬å¸" "2025-11-27 07:36:48æ­ä¹˜å¹¿å·åœ°é“"
    time: "07:46:19"
    uuid: "2025112722001453521417312961"
    status: "äº¤æ˜“æˆåŠŸ"
    Expenses:Transport                  2.00 CNY
    Liabilities:CMBCreditCard:2035     -2.00 CNY

2025-11-26 * "å¹¿å·åœ°é“é›†å›¢æœ‰é™å…¬å¸" "2025-11-26 17:44:44æ­ä¹˜å¹¿å·åœ°é“"
    time: "17:55:40"
    uuid: "2025112622001453521415371411"
    status: "äº¤æ˜“æˆåŠŸ"
    Expenses:Transport                  2.00 CNY
    Liabilities:CMBCreditCard:2035     -2.00 CNY

2025-11-26 * "ä¸­è¿äº¤é€š" "TK2025112650960,2025-11-26 19:00ä¸‰å…ƒé‡Œåœ°é“A1å‡ºå£æ‹›å‘¼ç«™â†’ä¸‰æ°´å¹¿åœºå…¬"
    time: "17:53:36"
    uuid: "4200002957202511260013223280"
    status: "æ”¯ä»˜æˆåŠŸ"
    Expenses:Transport                 12.80 CNY
    Assets:WeChat                     -12.80 CNY

2025-11-25 * "å°**" "é«˜è¾¾GQæ‰‹æœºå£³ç›ç§‹æœºåŠ¨æˆ˜å£«Gundam GQuuuuuuXå¤©ä½¿çœ¼è½¯å£³è‹¹æœiphone"
    time: "12:04:44"
    uuid: "2025112522001153521405523142"
    status: "äº¤æ˜“æˆåŠŸ"
    Expenses:Shopping:Digital          10.42 CNY
    Liabilities:Huabei                -10.42 CNY

2025-11-25 * "ç»¿è”**åº—" "ã€ç¾å›½åº·å®æˆæƒã€‘ç»¿è”åº·å®ARè†œé€‚ç”¨iPhone17Pro Maxé’¢åŒ–è†œè‹¹æœ16Pæ‰‹æœºè†œæŠ—åå°„å¢é€è´´è†œ15å±å¹•ä¿æŠ¤14"
    time: "12:04:44"
    uuid: "2025112522001153521407081047"
    status: "äº¤æ˜“æˆåŠŸ"
    Expenses:Shopping:Digital          34.42 CNY
    Liabilities:Huabei                -34.42 CNY

2025-11-25 * "å¹¿å·åœ°é“é›†å›¢æœ‰é™å…¬å¸" "2025-11-25 07:36:23æ­ä¹˜å¹¿å·åœ°é“"
    time: "07:48:11"
    uuid: "2025112522001453521406000229"
    status: "äº¤æ˜“æˆåŠŸ"
    Expenses:Transport                  2.00 CNY
    Liabilities:CMBCreditCard:2035     -2.00 CNY

2025-11-24 * "ä½›å±±å¸‚å¹¿ä½›é€šç”µå­æ”¶è´¹è¥è¿æœ‰é™å…¬å¸" "ä½›å±±å…¬äº¤-ä¹˜è½¦æ—¶é—´:2025-11-24 20:31:12"
    time: "20:31:15"
    uuid: "2025112422001453521400720506"
    status: "äº¤æ˜“æˆåŠŸ"
    Expenses:Transport                  2.00 CNY
    Liabilities:CMBCreditCard:2035     -2.00 CNY

2025-11-24 * "å¹¿å·åœ°é“é›†å›¢æœ‰é™å…¬å¸" "2025-11-24 17:39:16æ­ä¹˜å¹¿å·åœ°é“"
    time: "17:50:43"
    uuid: "2025112422001453521459533062"
    status: "äº¤æ˜“æˆåŠŸ"
    Expenses:Transport                  2.00 CNY
    Liabilities:CMBCreditCard:2035     -2.00 CNY

2025-11-24 * "èš‚èšè´¢å¯Œ-èš‚èšï¼ˆæ­å·ï¼‰åŸºé‡‘é”€å”®æœ‰é™å…¬å¸" "èš‚èšè´¢å¯Œ-å¹¿å‘çº³æ–¯è¾¾å…‹100ETFè”æ¥(QDII)A-ä¹°å…¥"
    time: "09:30:16"
    uuid: "20251124001080012204520057020865"
    status: "äº¤æ˜“æˆåŠŸ"
    Assets:AliPay:Funds                10.00 CNY
    Assets:AliPay:Balance             -10.00 CNY

2025-11-24 * "å¹¿å·åœ°é“é›†å›¢æœ‰é™å…¬å¸" "2025-11-24 07:48:20æ­ä¹˜å¹¿å·åœ°é“"
    time: "07:58:22"
    uuid: "2025112422001453521454540853"
    status: "äº¤æ˜“æˆåŠŸ"
    Expenses:Transport                  2.00 CNY
    Liabilities:CMBCreditCard:2035     -2.00 CNY

2025-11-24 * "å¤©**" "æµ·ç›é¢—ç²’èŠ±ç”Ÿé…±200g0è”—ç³–0æ·»åŠ æŠ¹é¢åŒ…æ‹Œé¢çƒ˜ç„™è˜¸é…±è½»é£Ÿè°ƒæ–™ ç­‰å¤šä»¶"
    time: "00:22:44"
    uuid: "2025112422001153521455805635"
    status: "äº¤æ˜“æˆåŠŸ"
    Expenses:Shopping:Home             37.02 CNY
    Liabilities:CMBCreditCard:2035    -37.02 CNY

2025-11-24 * "xi**8" "å³é£Ÿç‡•éº¦ç‰‡ä¿„ç½—æ–¯åŸè£…è¿›å£æ—©é¤ç²—ç²®å¥èº«ä»£é¤é¥±è…¹é€Ÿæº¶è°·å¾·ç»´å°”ç‰Œ ç­‰å¤šä»¶"
    time: "00:22:44"
    uuid: "2025112422001153521455912561"
    status: "äº¤æ˜“æˆåŠŸ"
    Expenses:Shopping:Home             39.51 CNY
    Liabilities:CMBCreditCard:2035    -39.51 CNY

2025-11-24 * "na**åº—" "Naturewiseå§œé»„ç´ èƒ¶å›Šé»‘èƒ¡æ¤’C3å§œé»„ç²‰é«˜æµ“åº¦æŠ¤å…³èŠ‚ç†¬å¤œå®˜æ–¹æ——èˆ°åº— ç­‰å¤šä»¶"
    time: "00:22:44"
    uuid: "2025112422001153521457900343"
    status: "äº¤æ˜“æˆåŠŸ"
    Expenses:Shopping:Makeup          409.60 CNY
    Liabilities:CMBCreditCard:2035   -409.60 CNY

2025-11-23 * "ä¸­è¿äº¤é€š" "TK2025112393009,2025-11-28 18:00ä¸‰å…ƒé‡Œåœ°é“A1å‡ºå£æ‹›å‘¼ç«™â†’ä¸‰æ°´å¹¿åœºå…¬"
    time: "23:59:08"
    uuid: "4200002951202511233213779069"
    status: "æ”¯ä»˜æˆåŠŸ"
    Expenses:Transport                 12.80 CNY
    Assets:WeChat                     -12.80 CNY

2025-11-23 * "ä¸­è¿äº¤é€š" "TK2025112392992,2025-11-28 06:46è¥¿é’å¤§é“å…¬äº¤ç«™â†’ä¸‰å…ƒé‡Œåœ°é“A1å‡ºå£æ‹›"
    time: "23:58:34"
    uuid: "4200002929202511236212072373"
    status: "æ”¯ä»˜æˆåŠŸ"
    Expenses:Transport                 12.80 CNY
    Assets:WeChat                     -12.80 CNY

2025-11-23 * "ä¸­è¿äº¤é€š" "TK2025112392961,2025-11-27 18:00ä¸‰å…ƒé‡Œåœ°é“A1å‡ºå£æ‹›å‘¼ç«™â†’ä¸‰æ°´å¹¿åœºå…¬"
    time: "23:58:01"
    uuid: "4200002938202511236860701962"
    status: "æ”¯ä»˜æˆåŠŸ"
    Expenses:Transport                 12.80 CNY
    Assets:WeChat                     -12.80 CNY

2025-11-23 * "ä¸­è¿äº¤é€š" "TK2025112392935,2025-11-24 18:00ä¸‰å…ƒé‡Œåœ°é“A1å‡ºå£æ‹›å‘¼ç«™â†’ä¸‰æ°´å¹¿åœºå…¬"
    time: "23:57:17"
    uuid: "4200002879202511239671837752"
    status: "æ”¯ä»˜æˆåŠŸ"
    Expenses:Transport                 12.80 CNY
    Assets:WeChat                     -12.80 CNY

2025-11-23 * "ä¸­è¿äº¤é€š" "TK2025112392872,2025-11-27 06:46è¥¿é’å¤§é“å…¬äº¤ç«™â†’ä¸‰å…ƒé‡Œåœ°é“A1å‡ºå£æ‹›"
    time: "23:55:32"
    uuid: "4200002883202511233072705643"
    status: "æ”¯ä»˜æˆåŠŸ"
    Expenses:Transport                 12.80 CNY
    Assets:WeChat                     -12.80 CNY

2025-11-23 * "ä¸­è¿äº¤é€š" "TK2025112392849,2025-11-25 06:46è¥¿é’å¤§é“å…¬äº¤ç«™â†’ä¸‰å…ƒé‡Œåœ°é“A1å‡ºå£æ‹›"
    time: "23:54:46"
    uuid: "4200002883202511236494007386"
    status: "æ”¯ä»˜æˆåŠŸ"
    Expenses:Transport                 12.80 CNY
    Assets:WeChat                     -12.80 CNY

2025-11-23 * "æ—¥æ—¥å‡è¶…å¸‚(å»ºè®¾ä¸€è·¯åº—)" "ä¸‰æ°´æ—¥æ—¥å‡1536511017117020312994195213"
    time: "19:52:14"
    uuid: "2025112322001453521456344304"
    status: "äº¤æ˜“æˆåŠŸ"
    Expenses:Food:Vegetables           58.25 CNY
    Liabilities:CMBCreditCard:2035    -58.25 CNY

2025-11-23 * "é’±å¤§å¦ˆ" "Açº§-çˆ±åª›æœå†»æ©™ç­‰2ä»¶å•†å“"
    time: "19:01:52"
    uuid: "4200002848202511237107444581"
    status: "æ”¯ä»˜æˆåŠŸ"
    Expenses:Other                     10.57 CNY
    Assets:WeChat                     -10.57 CNY

2025-11-23 * "æ°¸æ—º" "æ°¸æ—º-æ”¯ä»˜"
    time: "18:50:55"
    uuid: "4200002856202511235636723361"
    status: "æ”¯ä»˜æˆåŠŸ"
    Expenses:Other                     87.80 CNY
    Assets:WeChat                     -87.80 CNY

2025-11-21 * "ä½›å±±å¸‚å¹¿ä½›é€šç”µå­æ”¶è´¹è¥è¿æœ‰é™å…¬å¸" "ä½›å±±å…¬äº¤-ä¹˜è½¦æ—¶é—´:2025-11-21 21:18:19"
    time: "21:18:25"
    uuid: "2025112122001453521446850916"
    status: "äº¤æ˜“æˆåŠŸ"
    Expenses:Transport                  2.00 CNY
    Liabilities:CMBCreditCard:2035     -2.00 CNY

2025-11-21 * "å¹¿å·åœ°é“é›†å›¢æœ‰é™å…¬å¸" "2025-11-21 17:42:59æ­ä¹˜å¹¿å·åœ°é“"
    time: "17:55:55"
    uuid: "2025112122001453521442899431"
    status: "äº¤æ˜“æˆåŠŸ"
    Expenses:Transport                  2.00 CNY
    Liabilities:CMBCreditCard:2035     -2.00 CNY

2025-11-21 * "èš‚èšè´¢å¯Œ-èš‚èšï¼ˆæ­å·ï¼‰åŸºé‡‘é”€å”®æœ‰é™å…¬å¸" "èš‚èšè´¢å¯Œ-å¹¿å‘çº³æ–¯è¾¾å…‹100ETFè”æ¥(QDII)A-ä¹°å…¥"
    time: "09:22:57"
    uuid: "20251121001080012204520050037001"
    status: "äº¤æ˜“æˆåŠŸ"
    Assets:AliPay:Funds                10.00 CNY
    Assets:AliPay:Balance             -10.00 CNY

2025-11-21 * "å¹¿å·åœ°é“é›†å›¢æœ‰é™å…¬å¸" "2025-11-21 07:34:57æ­ä¹˜å¹¿å·åœ°é“"
    time: "07:50:42"
    uuid: "2025112122001453521438727401"
    status: "äº¤æ˜“æˆåŠŸ"
    Expenses:Transport                  2.00 CNY
    Liabilities:CMBCreditCard:2035     -2.00 CNY

2025-11-20 * "ä½›å±±å¸‚ä¸‰æ°´åŒºè¥¿å—è¡—è ”å¾·å–œé¤å…" "ä½›å±±å¸‚ä¸‰æ°´åŒºè¥¿å—è¡—è ”å¾·å–œé¤å…"
    time: "21:16:21"
    uuid: "2025112023001453521437701191"
    status: "äº¤æ˜“æˆåŠŸ"
    Expenses:Food:Invite              175.00 CNY
    Liabilities:CMBCreditCard:2035   -175.00 CNY

2025-11-20 * "å¹¿å·åœ°é“é›†å›¢æœ‰é™å…¬å¸" "2025-11-20 17:44:08æ­ä¹˜å¹¿å·åœ°é“"
    time: "17:53:23"
    uuid: "2025112022001453521434073643"
    status: "äº¤æ˜“æˆåŠŸ"
    Expenses:Transport                  2.00 CNY
    Liabilities:CMBCreditCard:2035     -2.00 CNY

2025-11-20 * "ä¸­è¿äº¤é€š" "TK2025112024617,2025-11-24 06:46è¥¿é’å¤§é“å…¬äº¤ç«™â†’ä¸‰å…ƒé‡Œåœ°é“A1å‡ºå£æ‹›"
    time: "12:09:38"
    uuid: "4200002933202511205387412988"
    status: "æ”¯ä»˜æˆåŠŸ"
    Expenses:Transport                 12.80 CNY
    Assets:WeChat                     -12.80 CNY

2025-11-20 * "èš‚èšè´¢å¯Œ-èš‚èšï¼ˆæ­å·ï¼‰åŸºé‡‘é”€å”®æœ‰é™å…¬å¸" "èš‚èšè´¢å¯Œ-å¹¿å‘çº³æ–¯è¾¾å…‹100ETFè”æ¥(QDII)A-ä¹°å…¥"
    time: "09:20:19"
    uuid: "20251120001080012204520047261841"
    status: "äº¤æ˜“æˆåŠŸ"
    Assets:AliPay:Funds                10.00 CNY
    Assets:AliPay:Balance             -10.00 CNY

2025-11-20 * "å¹¿å·åœ°é“é›†å›¢æœ‰é™å…¬å¸" "2025-11-20 07:34:09æ­ä¹˜å¹¿å·åœ°é“"
    time: "07:46:03"
    uuid: "2025112022001453521435176214"
    status: "äº¤æ˜“æˆåŠŸ"
    Expenses:Transport                  2.00 CNY
    Liabilities:CMBCreditCard:2035     -2.00 CNY

2025-11-19 * "å“ˆå•°å‡ºè¡Œ" "å“ˆå•°å•è½¦éª‘è¡Œ"
    time: "21:16:47"
    uuid: "2025111922001453521427667411"
    status: "äº¤æ˜“æˆåŠŸ"
    Expenses:Transport                  4.80 CNY
    Liabilities:CMBCreditCard:2035     -4.80 CNY

2025-11-19 * "åŒ…è™¤è™¤(ä½›å±±ä¸‰æ°´è¥¿å—åº—)" "åŒ…è™¤è™¤(ä½›å±±ä¸‰æ°´è¥¿å—åº—)"
    time: "20:30:51"
    uuid: "2025111922001453521430861044"
    status: "äº¤æ˜“æˆåŠŸ"
    Expenses:Food:Snack                20.00 CNY
    Liabilities:CMBCreditCard:2035    -20.00 CNY

2025-11-19 * "å¹¿å·åœ°é“é›†å›¢æœ‰é™å…¬å¸" "2025-11-19 17:43:26æ­ä¹˜å¹¿å·åœ°é“"
    time: "17:53:44"
    uuid: "2025111922001453521429802368"
    status: "äº¤æ˜“æˆåŠŸ"
    Expenses:Transport                  2.00 CNY
    Liabilities:CMBCreditCard:2035     -2.00 CNY

2025-11-19 * "ä¸­è¿äº¤é€š" "TK2025111938371,2025-11-20 18:00ä¸‰å…ƒé‡Œåœ°é“A1å‡ºå£æ‹›å‘¼ç«™â†’ä¸‰æ°´å¹¿åœºå…¬"
    time: "15:48:12"
    uuid: "4200002956202511196869472782"
    status: "æ”¯ä»˜æˆåŠŸ"
    Expenses:Transport                 12.80 CNY
    Assets:WeChat                     -12.80 CNY

2025-11-19 * "ä¸­è¿äº¤é€š" "TK2025111938339,2025-11-19 18:00ä¸‰å…ƒé‡Œåœ°é“A1å‡ºå£æ‹›å‘¼ç«™â†’ä¸‰æ°´å¹¿åœºå…¬"
    time: "15:47:29"
    uuid: "4200002877202511192348894442"
    status: "æ”¯ä»˜æˆåŠŸ"
    Expenses:Transport                 12.80 CNY
    Assets:WeChat                     -12.80 CNY

2025-11-19 * "å‘³ä¹‹**åº—" "å°å‹ç”µå­ç§¤å…‹ç§°ç”µå­ç§°é«˜ç²¾åº¦å¨æˆ¿ç§¤çƒ˜ç„™ç²¾å‡†å®¶ç”¨å•†ç”¨é£Ÿç‰©å…‹é‡å°ç§¤"
    time: "12:43:53"
    uuid: "2025111922001153521427125754"
    status: "äº¤æ˜“æˆåŠŸ"
    Expenses:Shopping:Digital          12.90 CNY
    Liabilities:Huabei                -12.90 CNY

2025-11-19 * "å¹¿å·åœ°é“é›†å›¢æœ‰é™å…¬å¸" "2025-11-19 07:35:07æ­ä¹˜å¹¿å·åœ°é“"
    time: "07:45:34"
    uuid: "2025111922001453521427720567"
    status: "äº¤æ˜“æˆåŠŸ"
    Expenses:Transport                  2.00 CNY
    Liabilities:CMBCreditCard:2035     -2.00 CNY

2025-11-18 * "åŠ›ç¾å¥èº«ä¿±ä¹éƒ¨" "æ”¶é’±ç æ”¶æ¬¾"
    time: "20:33:47"
    uuid: "2025111822001453521424366442"
    status: "äº¤æ˜“æˆåŠŸ"
    Expenses:Invest:Study            4000.00 CNY
    Assets:AliPay:Balance           -4000.00 CNY

2025-11-18 * "å¹¿å·åœ°é“é›†å›¢æœ‰é™å…¬å¸" "2025-11-18 17:42:47æ­ä¹˜å¹¿å·åœ°é“"
    time: "17:55:44"
    uuid: "2025111822001453521423230876"
    status: "äº¤æ˜“æˆåŠŸ"
    Expenses:Transport                  2.00 CNY
    Liabilities:CMBCreditCard:2035     -2.00 CNY

2025-11-18 * "ä¸­è¿äº¤é€š" "TK2025111840972,2025-11-21 18:00ä¸‰å…ƒé‡Œåœ°é“A1å‡ºå£æ‹›å‘¼ç«™â†’ä¸‰æ°´å¹¿åœºå…¬"
    time: "16:46:57"
    uuid: "4200002883202511189791911387"
    status: "æ”¯ä»˜æˆåŠŸ"
    Expenses:Transport                 12.80 CNY
    Assets:WeChat                     -12.80 CNY

2025-11-18 * "ä¸­è¿äº¤é€š" "TK2025111840923,2025-11-18 18:00ä¸‰å…ƒé‡Œåœ°é“A1å‡ºå£æ‹›å‘¼ç«™â†’ä¸‰æ°´å¹¿åœºå…¬"
    time: "16:46:17"
    uuid: "4200002877202511186465509595"
    status: "æ”¯ä»˜æˆåŠŸ"
    Expenses:Transport                 12.80 CNY
    Assets:WeChat                     -12.80 CNY

2025-11-18 * "ä¸­è¿äº¤é€š" "TK2025111840837,2025-11-21 06:46è¥¿é’å¤§é“å…¬äº¤ç«™â†’ä¸‰å…ƒé‡Œåœ°é“A1å‡ºå£æ‹›"
    time: "16:45:13"
    uuid: "4200002937202511186611182714"
    status: "æ”¯ä»˜æˆåŠŸ"
    Expenses:Transport                 12.80 CNY
    Assets:WeChat                     -12.80 CNY

2025-11-18 * "å¹¿å·åœ°é“é›†å›¢æœ‰é™å…¬å¸" "2025-11-18 07:34:18æ­ä¹˜å¹¿å·åœ°é“"
    time: "07:45:38"
    uuid: "2025111822001453521423334879"
    status: "äº¤æ˜“æˆåŠŸ"
    Expenses:Transport                  2.00 CNY
    Liabilities:CMBCreditCard:2035     -2.00 CNY

2025-11-17 * "ä½›å±±å¸‚å¹¿ä½›é€šç”µå­æ”¶è´¹è¥è¿æœ‰é™å…¬å¸" "ä½›å±±å…¬äº¤-ä¹˜è½¦æ—¶é—´:2025-11-17 20:53:08"
    time: "20:53:16"
    uuid: "2025111722001453521417112573"
    status: "äº¤æ˜“æˆåŠŸ"
    Expenses:Transport                  2.00 CNY
    Liabilities:CMBCreditCard:2035     -2.00 CNY

2025-11-17 * "å¹¿å·åœ°é“é›†å›¢æœ‰é™å…¬å¸" "2025-11-17 18:03:35æ­ä¹˜å¹¿å·åœ°é“"
    time: "18:14:54"
    uuid: "2025111722001453521416343792"
    status: "äº¤æ˜“æˆåŠŸ"
    Expenses:Transport                  2.00 CNY
    Liabilities:CMBCreditCard:2035     -2.00 CNY

2025-11-17 * "ä¸­è¿äº¤é€š" "TK2025111744904,2025-11-17 18:30ä¸‰å…ƒé‡Œåœ°é“A1å‡ºå£æ‹›å‘¼ç«™â†’ä¸‰æ°´å¹¿åœºå…¬"
    time: "16:32:48"
    uuid: "4200002957202511174121214305"
    status: "æ”¯ä»˜æˆåŠŸ"
    Expenses:Transport                 12.80 CNY
    Assets:WeChat                     -12.80 CNY

2025-11-17 * "amom" "è½¬è´¦å¤‡æ³¨:ç”Ÿæ—¥å¿«ä¹ğŸ‚ğŸ‚"
    time: "09:52:46"
    uuid: "1000050001202511170327526761279"
    status: "å·²å­˜å…¥é›¶é’±"
    Income:RedEnvelope              -1000.00 CNY
    Assets:WeChat                    1000.00 CNY

2025-11-17 * "èš‚èšè´¢å¯Œ-èš‚èšï¼ˆæ­å·ï¼‰åŸºé‡‘é”€å”®æœ‰é™å…¬å¸" "èš‚èšè´¢å¯Œ-å¹¿å‘çº³æ–¯è¾¾å…‹100ETFè”æ¥(QDII)A-ä¹°å…¥"
    time: "09:31:40"
    uuid: "20251117001080012204520039308093"
    status: "äº¤æ˜“æˆåŠŸ"
    Assets:AliPay:Funds                10.00 CNY
    Assets:AliPay:Balance             -10.00 CNY

2025-11-17 * "å¹¿å·åœ°é“é›†å›¢æœ‰é™å…¬å¸" "2025-11-17 07:44:11æ­ä¹˜å¹¿å·åœ°é“"
    time: "07:55:37"
    uuid: "2025111722001453521416843735"
    status: "äº¤æ˜“æˆåŠŸ"
    Expenses:Transport                  2.00 CNY
    Liabilities:CMBCreditCard:2035     -2.00 CNY

2025-11-17 * "ä¸­è¿äº¤é€š" "TK202511174376,2025-11-20 06:46è¥¿é’å¤§é“å…¬äº¤ç«™â†’ä¸‰å…ƒé‡Œåœ°é“A1å‡ºå£æ‹›å‘¼"
    time: "06:21:04"
    uuid: "4200002953202511175890667158"
    status: "æ”¯ä»˜æˆåŠŸ"
    Expenses:Transport                 12.80 CNY
    Liabilities:CMBCreditCard:2035    -12.80 CNY

2025-11-17 * "ä¸­è¿äº¤é€š" "TK202511174351,2025-11-19 06:46è¥¿é’å¤§é“å…¬äº¤ç«™â†’ä¸‰å…ƒé‡Œåœ°é“A1å‡ºå£æ‹›å‘¼"
    time: "06:19:41"
    uuid: "4200002967202511179279613828"
    status: "æ”¯ä»˜æˆåŠŸ"
    Expenses:Transport                 12.80 CNY
    Liabilities:CMBCreditCard:2035    -12.80 CNY

2025-11-16 * "åŒ…è™¤è™¤(ä½›å±±ä¸‰æ°´è¥¿å—åº—)" "åŒ…è™¤è™¤(ä½›å±±ä¸‰æ°´è¥¿å—åº—)"
    time: "21:29:41"
    uuid: "2025111623001453521411890398"
    status: "äº¤æ˜“æˆåŠŸ"
    Expenses:Food:Snack                27.80 CNY
    Liabilities:CMBCreditCard:2035    -27.80 CNY

2025-11-16 * "ä½›å±±éº¦å½“åŠ³ä¸‰æ°´å¹¿åœºåˆ†åº—" "å¹¿ä¸œä¸‰å…ƒéº¦å½“åŠ³é£Ÿå“æœ‰é™å…¬å¸"
    time: "12:31:20"
    uuid: "2025111622001453521405376988"
    status: "äº¤æ˜“æˆåŠŸ"
    Expenses:Food:Lunch                61.00 CNY
    Liabilities:CMBCreditCard:2035    -61.00 CNY

2025-11-15 * "ä½™é¢å®" "ä½™é¢å®-å•æ¬¡è½¬å…¥"
    time: "09:54:43"
    uuid: "20251115019130100010520035008421"
    status: "äº¤æ˜“æˆåŠŸ"
    Assets:CEB:1027                 -8082.32 CNY
    Assets:AliPay:Balance            8082.32 CNY

2025-11-15 * "ä½™é¢å®" "ä½™é¢å®-å•æ¬¡è½¬å…¥"
    time: "09:54:43"
    uuid: "20251115019130100010520035008421"
    status: "ALiPay - äº¤æ˜“æˆåŠŸ"
    Assets:AliPay:Balance            8082.32 CNY
    Assets:CEB:1027                 -8082.32 CNY

2025-11-14 * "ä¸‰æ°´é›ªä¹‹ä¹¡é¤é¥®åº—" "å…¶ä»–ä¸­é¤"
    time: "20:48:28"
    uuid: "2025111422001453521458986359"
    status: "äº¤æ˜“æˆåŠŸ"
    Expenses:Food:Dinner              232.00 CNY
    Liabilities:CMBCreditCard:2035   -232.00 CNY

2025-11-14 * "å¹¿å·åœ°é“é›†å›¢æœ‰é™å…¬å¸" "2025-11-14 17:40:45æ­ä¹˜å¹¿å·åœ°é“"
    time: "17:53:12"
    uuid: "2025111422001453521453577003"
    status: "äº¤æ˜“æˆåŠŸ"
    Expenses:Transport                  2.00 CNY
    Liabilities:CMBCreditCard:2035     -2.00 CNY

2025-11-14 * "ä¸­è¿äº¤é€š" "TK2025111460657,2025-11-18 06:46è¥¿é’å¤§é“å…¬äº¤ç«™â†’ä¸‰å…ƒé‡Œåœ°é“A1å‡ºå£æ‹›"
    time: "16:41:40"
    uuid: "4200002873202511142856114517"
    status: "æ”¯ä»˜æˆåŠŸ"
    Expenses:Transport                 12.80 CNY
    Liabilities:CMBCreditCard:2035    -12.80 CNY

2025-11-14 * "èŠ¬è®°ç¾é£Ÿ" "èŠ¬è®°å°å¨"
    time: "12:18:58"
    uuid: "2025111422001453521452113591"
    status: "äº¤æ˜“æˆåŠŸ"
    Expenses:Food:Lunch                15.00 CNY
    Liabilities:CMBCreditCard:2035    -15.00 CNY

2025-11-14 * "èš‚èšè´¢å¯Œ-èš‚èšï¼ˆæ­å·ï¼‰åŸºé‡‘é”€å”®æœ‰é™å…¬å¸" "èš‚èšè´¢å¯Œ-å¹¿å‘çº³æ–¯è¾¾å…‹100ETFè”æ¥(QDII)A-ä¹°å…¥"
    time: "09:22:56"
    uuid: "20251114001080012204520031987273"
    status: "äº¤æ˜“æˆåŠŸ"
    Assets:AliPay:Funds                10.00 CNY
    Assets:AliPay:Balance             -10.00 CNY

2025-11-13 * "t_**7" "ä¸­å›½ä¸æ¢å·ç§»åŠ¨æ”¹å¥—æ¢8å…ƒä¿å·è€ç”¨æˆ·æ›´æ”¹ä¿å·å˜8å…ƒä¿®æ”¹æ›´æ¢å–æ¶ˆ"
    time: "08:09:40"
    uuid: "2025111322001153521449368571"
    status: "äº¤æ˜“æˆåŠŸ"
    Expenses:Home:Phone                11.20 CNY
    Assets:AliPay:Balance             -11.20 CNY

2025-11-13 * "å¹¿å·åœ°é“é›†å›¢æœ‰é™å…¬å¸" "2025-11-13 07:35:54æ­ä¹˜å¹¿å·åœ°é“"
    time: "07:45:52"
    uuid: "2025111322001453521445244656"
    status: "äº¤æ˜“æˆåŠŸ"
    Expenses:Transport                  2.00 CNY
    Liabilities:CMBCreditCard:2035     -2.00 CNY

2025-11-13 * "ä¸­è¿äº¤é€š" "TK202511134702,2025-11-17 06:36ä¸‡è¾¾ååºœå…¬äº¤ç«™â†’ä¸‰å…ƒé‡Œåœ°é“A1å‡ºå£æ‹›å‘¼"
    time: "06:48:31"
    uuid: "4200002949202511137756724969"
    status: "æ”¯ä»˜æˆåŠŸ"
    Expenses:Transport                 12.80 CNY
    Liabilities:CMBCreditCard:2035    -12.80 CNY

2025-11-12 * "ä½›å±±å¸‚å¹¿ä½›é€šç”µå­æ”¶è´¹è¥è¿æœ‰é™å…¬å¸" "ä½›å±±å…¬äº¤-ä¹˜è½¦æ—¶é—´:2025-11-12 20:19:56"
    time: "20:19:54"
    uuid: "2025111222001453521445152946"
    status: "äº¤æ˜“æˆåŠŸ"
    Expenses:Transport                  2.00 CNY
    Liabilities:CMBCreditCard:2035     -2.00 CNY

2025-11-12 * "å¹¿å·åœ°é“é›†å›¢æœ‰é™å…¬å¸" "2025-11-12 17:42:01æ­ä¹˜å¹¿å·åœ°é“"
    time: "17:53:21"
    uuid: "2025111222001453521444938190"
    status: "äº¤æ˜“æˆåŠŸ"
    Expenses:Transport                  2.00 CNY
    Liabilities:CMBCreditCard:2035     -2.00 CNY

2025-11-12 * "ä¸­è¿äº¤é€š" "TK2025111244202,2025-11-12 19:00ä¸‰å…ƒé‡Œåœ°é“A1å‡ºå£æ‹›å‘¼ç«™â†’ä¸‰æ°´å¹¿åœºå…¬"
    time: "17:23:02"
    uuid: "50102905342025111269888671105"
    status: "å·²é€€æ¬¾ï¿¥11.78"
    Income:Rebate                     -11.78 CNY
    Liabilities:CMBCreditCard:2035     11.78 CNY

2025-11-12 * "ä¸­è¿äº¤é€š" "TK2025111247994,2025-11-12 18:00ä¸‰å…ƒé‡Œåœ°é“A1å‡ºå£æ‹›å‘¼ç«™â†’ä¸‰æ°´å¹¿åœºå…¬"
    time: "17:22:54"
    uuid: "4200002956202511123482292550"
    status: "æ”¯ä»˜æˆåŠŸ"
    Expenses:Transport                 12.80 CNY
    Liabilities:CMBCreditCard:2035    -12.80 CNY

2025-11-12 * "ä¸­è¿äº¤é€š" "TK2025111244202,2025-11-12 19:00ä¸‰å…ƒé‡Œåœ°é“A1å‡ºå£æ‹›å‘¼ç«™â†’ä¸‰æ°´å¹¿åœºå…¬"
    time: "16:36:51"
    uuid: "4200002874202511127397502218"
    status: "WeChat - å·²é€€æ¬¾(ï¿¥11.78)"
    Expenses:Transport                 12.80 CNY
    Liabilities:CMBCreditCard:2035    -12.80 CNY

2025-11-12 * "å¹¿å·åœ°é“é›†å›¢æœ‰é™å…¬å¸" "2025-11-12 07:41:16æ­ä¹˜å¹¿å·åœ°é“"
    time: "07:50:59"
    uuid: "2025111222001453521437353092"
    status: "äº¤æ˜“æˆåŠŸ"
    Expenses:Transport                  2.00 CNY
    Liabilities:CMBCreditCard:2035     -2.00 CNY

2025-11-11 * "ä½›å±±å¸‚å¹¿ä½›é€šç”µå­æ”¶è´¹è¥è¿æœ‰é™å…¬å¸" "ä½›å±±å…¬äº¤-ä¹˜è½¦æ—¶é—´:2025-11-11 20:20:58"
    time: "20:21:03"
    uuid: "2025111122001453521437910321"
    status: "äº¤æ˜“æˆåŠŸ"
    Expenses:Transport                  2.00 CNY
    Liabilities:CMBCreditCard:2035     -2.00 CNY

2025-11-11 * "å¹¿å·åœ°é“é›†å›¢æœ‰é™å…¬å¸" "2025-11-11 17:43:06æ­ä¹˜å¹¿å·åœ°é“"
    time: "17:53:30"
    uuid: "2025111122001453521438009692"
    status: "äº¤æ˜“æˆåŠŸ"
    Expenses:Transport                  2.00 CNY
    Liabilities:CMBCreditCard:2035     -2.00 CNY

2025-11-11 * "ä¸­è¿äº¤é€š" "TK2025111140530,2025-11-11 18:00ä¸‰å…ƒé‡Œåœ°é“A1å‡ºå£æ‹›å‘¼ç«™â†’ä¸‰æ°´å¹¿åœºå…¬"
    time: "16:36:09"
    uuid: "4200002873202511110347651371"
    status: "æ”¯ä»˜æˆåŠŸ"
    Expenses:Transport                 12.80 CNY
    Liabilities:CMBCreditCard:2035    -12.80 CNY

2025-11-11 * "å¹¿å·åœ°é“é›†å›¢æœ‰é™å…¬å¸" "2025-11-11 07:38:01æ­ä¹˜å¹¿å·åœ°é“"
    time: "07:48:10"
    uuid: "2025111122001453521431477909"
    status: "äº¤æ˜“æˆåŠŸ"
    Expenses:Transport                  2.00 CNY
    Liabilities:CMBCreditCard:2035     -2.00 CNY

2025-11-11 * "ä¸­è¿äº¤é€š" "TK202511113694,2025-11-14 18:00ä¸‰å…ƒé‡Œåœ°é“A1å‡ºå£æ‹›å‘¼ç«™â†’ä¸‰æ°´å¹¿åœºå…¬äº¤"
    time: "06:39:00"
    uuid: "4200002878202511116171466531"
    status: "æ”¯ä»˜æˆåŠŸ"
    Expenses:Transport                 12.80 CNY
    Liabilities:CMBCreditCard:2035    -12.80 CNY

2025-11-11 * "ä¸­è¿äº¤é€š" "TK202511113658,2025-11-13 06:46è¥¿é’å¤§é“å…¬äº¤ç«™â†’ä¸‰å…ƒé‡Œåœ°é“A1å‡ºå£æ‹›å‘¼"
    time: "06:37:20"
    uuid: "4200002923202511114778299990"
    status: "æ”¯ä»˜æˆåŠŸ"
    Expenses:Transport                 12.80 CNY
    Liabilities:CMBCreditCard:2035    -12.80 CNY

2025-11-10 * "ä½›å±±å¸‚å¹¿ä½›é€šç”µå­æ”¶è´¹è¥è¿æœ‰é™å…¬å¸" "ä½›å±±å…¬äº¤-ä¹˜è½¦æ—¶é—´:2025-11-10 20:54:47"
    time: "20:54:42"
    uuid: "2025111022001453521427071741"
    status: "äº¤æ˜“æˆåŠŸ"
    Expenses:Transport                  2.00 CNY
    Liabilities:CMBCreditCard:2035     -2.00 CNY

2025-11-10 * "å¹¿å·åœ°é“é›†å›¢æœ‰é™å…¬å¸" "2025-11-10 18:05:36æ­ä¹˜å¹¿å·åœ°é“"
    time: "18:16:24"
    uuid: "2025111022001453521428255003"
    status: "äº¤æ˜“æˆåŠŸ"
    Expenses:Transport                  2.00 CNY
    Liabilities:CMBCreditCard:2035     -2.00 CNY

2025-11-10 * "å¹¿å·åœ°é“é›†å›¢æœ‰é™å…¬å¸" "2025-11-10 13:10:54æ­ä¹˜å¹¿å·åœ°é“"
    time: "13:25:54"
    uuid: "2025111022001453521431523352"
    status: "äº¤æ˜“æˆåŠŸ"
    Expenses:Transport                  2.00 CNY
    Liabilities:CMBCreditCard:2035     -2.00 CNY

2025-11-10 * "èŠ±å‘—" "èŠ±å‘—è‡ªåŠ¨è¿˜æ¬¾-2025å¹´11æœˆè´¦å•"
    time: "13:16:05"
    uuid: "2025111029020999520174270176"
    status: "è¿˜æ¬¾æˆåŠŸ"
    Liabilities:Huabei                 52.00 CNY
    Assets:AliPay:Balance             -52.00 CNY

2025-11-10 * "èš‚èšè´¢å¯Œ-èš‚èšï¼ˆæ­å·ï¼‰åŸºé‡‘é”€å”®æœ‰é™å…¬å¸" "èš‚èšè´¢å¯Œ-å¹¿å‘çº³æ–¯è¾¾å…‹100ETFè”æ¥(QDII)A-ä¹°å…¥"
    time: "09:31:38"
    uuid: "20251110001080012204520021118045"
    status: "äº¤æ˜“æˆåŠŸ"
    Assets:AliPay:Funds                10.00 CNY
    Assets:AliPay:Balance             -10.00 CNY

2025-11-10 * "å…‰å¤§é“¶è¡Œ(1027)" "/æœåŠ¡è´¹Â¥0.01"
    time: "09:23:20"
    uuid: "207251110109994331714362689273"
    status: "æç°å·²åˆ°è´¦"
    Assets:WeChat                      -7.60 CNY
    Assets:CEB:1027                     7.60 CNY

2025-11-10 * "ä¸­è¿äº¤é€š" "TK202511107587,2025-11-10 18:30ä¸‰å…ƒé‡Œåœ°é“A1å‡ºå£æ‹›å‘¼ç«™â†’ä¸‰æ°´å¹¿åœºå…¬äº¤"
    time: "07:38:45"
    uuid: "4200002945202511109922927999"
    status: "æ”¯ä»˜æˆåŠŸ"
    Expenses:Transport                 12.80 CNY
    Liabilities:CMBCreditCard:2035    -12.80 CNY

2025-11-10 * "ä¸­è¿äº¤é€š" "TK202511106247,2025-11-10 12:06è¥¿é’å¤§é“å…¬äº¤ç«™â†’ä¸‰å…ƒé‡Œåœ°é“A1å‡ºå£æ‹›å‘¼"
    time: "07:11:58"
    uuid: "4200002877202511109891289709"
    status: "æ”¯ä»˜æˆåŠŸ"
    Expenses:Transport                 12.80 CNY
    Liabilities:CMBCreditCard:2035    -12.80 CNY

2025-11-09 * "å¹¿å·åœ°é“é›†å›¢æœ‰é™å…¬å¸" "2025-11-09 17:55:42æ­ä¹˜å¹¿å·åœ°é“"
    time: "18:07:41"
    uuid: "2025110922001453521423238820"
    status: "äº¤æ˜“æˆåŠŸ"
    Expenses:Transport                  2.00 CNY
    Liabilities:CMBCreditCard:2035     -2.00 CNY

2025-11-09 * "æ‹›å•†é“¶è¡Œ" "ä¿¡ç”¨å¡è¿˜æ¬¾"
    time: "17:58:59"
    uuid: "2025110900003001520064172999"
    status: "è¿˜æ¬¾æˆåŠŸ"
    Liabilities:CMBCreditCard:2035   3086.40 CNY
    Assets:AliPay:Balance           -3086.40 CNY

2025-11-09 * "ä¸­è¿äº¤é€š" "TK2025110957121,2025-11-09 18:30ä¸‰å…ƒé‡Œåœ°é“A1å‡ºå£æ‹›å‘¼ç«™â†’ä¸‰æ°´å¹¿åœºå…¬"
    time: "16:20:42"
    uuid: "4200002878202511091518869560"
    status: "æ”¯ä»˜æˆåŠŸ"
    Expenses:Transport                 12.80 CNY
    Liabilities:CMBCreditCard:2035    -12.80 CNY

2025-11-09 * "å¹¿å·åœ°é“é›†å›¢æœ‰é™å…¬å¸" "2025-11-09 07:32:46æ­ä¹˜å¹¿å·åœ°é“"
    time: "07:46:00"
    uuid: "2025110922001453521418377408"
    status: "äº¤æ˜“æˆåŠŸ"
    Expenses:Transport                  2.00 CNY
    Liabilities:CMBCreditCard:2035     -2.00 CNY

2025-11-09 * "ä¸­è¿äº¤é€š" "TK202511092895,2025-11-12 06:46è¥¿é’å¤§é“å…¬äº¤ç«™â†’ä¸‰å…ƒé‡Œåœ°é“A1å‡ºå£æ‹›å‘¼"
    time: "01:07:59"
    uuid: "4200002878202511091125355353"
    status: "æ”¯ä»˜æˆåŠŸ"
    Expenses:Transport                 12.80 CNY
    Assets:WeChat                     -12.80 CNY

2025-11-08 * "æ²™å¿å°åƒ" "æ”¶é’±ç æ”¶æ¬¾"
    time: "21:54:27"
    uuid: "2025110822001453521410172058"
    status: "äº¤æ˜“æˆåŠŸ"
    Expenses:Food:Snack                20.00 CNY
    Liabilities:Huabei                -20.00 CNY

2025-11-08 * "ä½›å±±å¸‚å¹¿ä½›é€šç”µå­æ”¶è´¹è¥è¿æœ‰é™å…¬å¸" "ä½›å±±å…¬äº¤-ä¹˜è½¦æ—¶é—´:2025-11-08 15:31:53"
    time: "15:31:54"
    uuid: "2025110822001453521413603060"
    status: "äº¤æ˜“æˆåŠŸ"
    Expenses:Transport                  2.00 CNY
    Liabilities:CMBCreditCard:2035     -2.00 CNY

2025-11-07 * "ä½›å±±å¸‚å¹¿ä½›é€šç”µå­æ”¶è´¹è¥è¿æœ‰é™å…¬å¸" "ä½›å±±å…¬äº¤-ä¹˜è½¦æ—¶é—´:2025-11-07 21:15:56"
    time: "21:16:03"
    uuid: "2025110722001453521412854540"
    status: "äº¤æ˜“æˆåŠŸ"
    Expenses:Transport                  2.00 CNY
    Liabilities:CMBCreditCard:2035     -2.00 CNY

2025-11-07 * "å¹¿å·åœ°é“é›†å›¢æœ‰é™å…¬å¸" "2025-11-07 17:39:34æ­ä¹˜å¹¿å·åœ°é“"
    time: "17:50:48"
    uuid: "2025110722001453521407818456"
    status: "äº¤æ˜“æˆåŠŸ"
    Expenses:Transport                  2.00 CNY
    Liabilities:CMBCreditCard:2035     -2.00 CNY

2025-11-07 * "èš‚èšè´¢å¯Œ-èš‚èšï¼ˆæ­å·ï¼‰åŸºé‡‘é”€å”®æœ‰é™å…¬å¸" "èš‚èšè´¢å¯Œ-å¹¿å‘çº³æ–¯è¾¾å…‹100ETFè”æ¥(QDII)A-ä¹°å…¥"
    time: "09:22:54"
    uuid: "20251107001080012204520013732096"
    status: "ä»˜æ¬¾æˆåŠŸï¼ŒåŸºé‡‘ä»½é¢ç¡®è®¤ä¸­"
    Assets:AliPay:Funds                10.00 CNY
    Assets:AliPay:Balance             -10.00 CNY

2025-11-07 * "å¹¿å·åœ°é“é›†å›¢æœ‰é™å…¬å¸" "2025-11-07 07:39:11æ­ä¹˜å¹¿å·åœ°é“"
    time: "07:50:47"
    uuid: "2025110722001453521403729999"
    status: "äº¤æ˜“æˆåŠŸ"
    Expenses:Transport                  2.00 CNY
    Liabilities:CMBCreditCard:2035     -2.00 CNY

2025-11-07 * "ä¸­è¿äº¤é€š" "TK202511075731,2025-11-09 06:36è¥¿é’å¤§é“å…¬äº¤ç«™â†’ä¸‰å…ƒé‡Œåœ°é“A1å‡ºå£æ‹›å‘¼"
    time: "06:52:56"
    uuid: "4200002932202511079772659020"
    status: "æ”¯ä»˜æˆåŠŸ"
    Expenses:Transport                 12.80 CNY
    Assets:WeChat                     -12.80 CNY

2025-11-07 * "ä¸­è¿äº¤é€š" "TK202511075547,2025-11-11 06:46è¥¿é’å¤§é“å…¬äº¤ç«™â†’ä¸‰å…ƒé‡Œåœ°é“A1å‡ºå£æ‹›å‘¼"
    time: "06:48:24"
    uuid: "4200002957202511071395869140"
    status: "æ”¯ä»˜æˆåŠŸ"
    Expenses:Transport                 12.80 CNY
    Assets:WeChat                     -12.80 CNY

2025-11-07 * "ä¸­è¿äº¤é€š" "TK202511075479,2025-11-10 07:00è¥¿é’å¤§é“å…¬äº¤ç«™â†’ä¸‰å…ƒé‡Œåœ°é“A1å‡ºå£æ‹›å‘¼"
    time: "06:46:28"
    uuid: "4200002959202511071771688742"
    status: "æ”¯ä»˜æˆåŠŸ"
    Expenses:Transport                 12.80 CNY
    Assets:WeChat                     -12.80 CNY

2025-11-06 * "é“¶è®°è‚ ç²‰ï¼ˆä¸‰å…ƒé‡Œåº—ï¼‰" "ç¾å›¢/å¤§ä¼—ç‚¹è¯„ç‚¹é¤è®¢å•-11065026045752600473996"
    time: "18:04:51"
    uuid: "2025110622001453521454516454"
    status: "äº¤æ˜“æˆåŠŸ"
    Expenses:Food:Dinner                9.00 CNY
    Liabilities:CMBCreditCard:2035     -9.00 CNY

2025-11-06 * "å¹¿å·åœ°é“é›†å›¢æœ‰é™å…¬å¸" "2025-11-06 17:41:58æ­ä¹˜å¹¿å·åœ°é“"
    time: "17:53:40"
    uuid: "2025110622001453521405839195"
    status: "äº¤æ˜“æˆåŠŸ"
    Expenses:Transport                  2.00 CNY
    Liabilities:CMBCreditCard:2035     -2.00 CNY

2025-11-06 * "ä¸­è¿äº¤é€š" "TK2025110651644,2025-11-06 19:30ä¸‰å…ƒé‡Œåœ°é“A1å‡ºå£æ‹›å‘¼ç«™â†’è¥¿é’å¤§é“å…¬"
    time: "17:32:58"
    uuid: "4200002958202511061467645920"
    status: "æ”¯ä»˜æˆåŠŸ"
    Expenses:Transport                 12.80 CNY
    Assets:WeChat                     -12.80 CNY

2025-11-06 * "zh**p" "3Gæ¨¡å‹ DSPIAE/è¿ªæ–¯æ´¾ ç©¶æå®šä½åˆ»çº¿ç¡¬è¾¹èƒ¶å¸¦ æ ‡å°ºç‰ˆ 30ç±³ CGç³»åˆ— ç­‰å¤šä»¶"
    time: "08:21:30"
    uuid: "2025110622001153521400074011"
    status: "ç­‰å¾…ç¡®è®¤æ”¶è´§"
    Expenses:Shopping:Toy              90.70 CNY
    Liabilities:Huabei                -90.70 CNY

2025-11-06 * "tb**5" "é€‚ç”¨å°ç±³æ‰‹ç¯10è¡¨å¸¦9æ‰‹è¡¨è…•å¸¦8nfcè¿åŠ¨ç£å¸NFCç¼–ç»‡ç”·å¥³æ›¿æ¢å¸¦å°¼é¾™"
    time: "08:21:30"
    uuid: "2025110622001153521459978941"
    status: "ç­‰å¾…ç¡®è®¤æ”¶è´§"
    Expenses:Shopping:Digital          14.98 CNY
    Liabilities:Huabei                -14.98 CNY

2025-11-06 * "å¹¿å·åœ°é“é›†å›¢æœ‰é™å…¬å¸" "2025-11-06 07:35:47æ­ä¹˜å¹¿å·åœ°é“"
    time: "07:48:10"
    uuid: "2025110622001453521455274901"
    status: "äº¤æ˜“æˆåŠŸ"
    Expenses:Transport                  2.00 CNY
    Liabilities:CMBCreditCard:2035     -2.00 CNY

2025-11-05 * "ä½›å±±å¸‚å¹¿ä½›é€šç”µå­æ”¶è´¹è¥è¿æœ‰é™å…¬å¸" "ä½›å±±å…¬äº¤-ä¹˜è½¦æ—¶é—´:2025-11-05 20:52:30"
    time: "20:52:28"
    uuid: "2025110522001453521457373910"
    status: "äº¤æ˜“æˆåŠŸ"
    Expenses:Transport                  2.00 CNY
    Liabilities:CMBCreditCard:2035     -2.00 CNY

2025-11-05 * "t***8" "ç¥ä¹‹æ‰‹ Godhand  GH-PB-98ST"
    time: "20:03:09"
    uuid: "2025110522001153521457451536"
    status: "äº¤æ˜“æˆåŠŸ"
    Expenses:Shopping:Toy             285.00 CNY
    Liabilities:Huabei               -285.00 CNY

2025-11-05 * "å¹¿å·åœ°é“é›†å›¢æœ‰é™å…¬å¸" "2025-11-05 17:45:21æ­ä¹˜å¹¿å·åœ°é“"
    time: "17:55:37"
    uuid: "2025110522001453521459381476"
    status: "äº¤æ˜“æˆåŠŸ"
    Expenses:Transport                  2.00 CNY
    Liabilities:CMBCreditCard:2035     -2.00 CNY

2025-11-05 * "ä¸­è¿äº¤é€š" "TK2025110542849,2025-11-05 18:00ä¸‰å…ƒé‡Œåœ°é“A1å‡ºå£æ‹›å‘¼ç«™â†’ä¸‰æ°´å¹¿åœºå…¬"
    time: "17:10:43"
    uuid: "4200002883202511051937926072"
    status: "æ”¯ä»˜æˆåŠŸ"
    Expenses:Transport                 12.80 CNY
    Assets:WeChat                     -12.80 CNY

2025-11-05 * "å¹¿å·åœ°é“é›†å›¢æœ‰é™å…¬å¸" "2025-11-05 07:44:39æ­ä¹˜å¹¿å·åœ°é“"
    time: "07:56:20"
    uuid: "2025110522001453521450972094"
    status: "äº¤æ˜“æˆåŠŸ"
    Expenses:Transport                  2.00 CNY
    Liabilities:CMBCreditCard:2035     -2.00 CNY

2025-11-04 * "å¹¿å·åœ°é“é›†å›¢æœ‰é™å…¬å¸" "2025-11-04 17:43:23æ­ä¹˜å¹¿å·åœ°é“"
    time: "17:54:09"
    uuid: "2025110422001453521453326005"
    status: "äº¤æ˜“æˆåŠŸ"
    Expenses:Transport                  2.00 CNY
    Liabilities:CMBCreditCard:2035     -2.00 CNY

2025-11-04 * "ä¸­è¿äº¤é€š" "TK2025110434292,2025-11-04 18:00ä¸‰å…ƒé‡Œåœ°é“A1å‡ºå£æ‹›å‘¼ç«™â†’ä¸‰æ°´å¹¿åœºå…¬"
    time: "16:08:30"
    uuid: "4200002949202511041145841876"
    status: "æ”¯ä»˜æˆåŠŸ"
    Expenses:Transport                 12.80 CNY
    Assets:WeChat                     -12.80 CNY

2025-11-04 * "å¹¿å·åœ°é“é›†å›¢æœ‰é™å…¬å¸" "2025-11-04 07:58:01æ­ä¹˜å¹¿å·åœ°é“"
    time: "08:10:38"
    uuid: "2025110422001453521444782506"
    status: "äº¤æ˜“æˆåŠŸ"
    Expenses:Transport                  2.00 CNY
    Liabilities:CMBCreditCard:2035     -2.00 CNY

2025-11-04 * "ä¸­è¿äº¤é€š" "TK202511043617,2025-11-07 18:00ä¸‰å…ƒé‡Œåœ°é“A1å‡ºå£æ‹›å‘¼ç«™â†’ä¸‰æ°´å¹¿åœºå…¬äº¤"
    time: "06:50:44"
    uuid: "4200002876202511048405039790"
    status: "æ”¯ä»˜æˆåŠŸ"
    Expenses:Transport                 12.80 CNY
    Assets:WeChat                     -12.80 CNY

2025-11-04 * "ä¸­è¿äº¤é€š" "TK202511043576,2025-11-07 06:46è¥¿é’å¤§é“å…¬äº¤ç«™â†’ä¸‰å…ƒé‡Œåœ°é“A1å‡ºå£æ‹›å‘¼"
    time: "06:49:46"
    uuid: "4200002952202511043241783899"
    status: "æ”¯ä»˜æˆåŠŸ"
    Expenses:Transport                 12.80 CNY
    Assets:WeChat                     -12.80 CNY

2025-11-04 * "ä¸­è¿äº¤é€š" "TK202511043532,2025-11-06 06:46è¥¿é’å¤§é“å…¬äº¤ç«™â†’ä¸‰å…ƒé‡Œåœ°é“A1å‡ºå£æ‹›å‘¼"
    time: "06:48:38"
    uuid: "4200002968202511047361700893"
    status: "æ”¯ä»˜æˆåŠŸ"
    Expenses:Transport                 12.80 CNY
    Assets:WeChat                     -12.80 CNY

2025-11-03 * "Jhon" "/"
    time: "17:53:37"
    uuid: "1000039901000511037120763276017"
    status: "å·²å­˜å…¥é›¶é’±"
    Income:RedEnvelope                -76.10 CNY
    Assets:WeChat                      76.10 CNY

2025-11-03 * "å¹¿å·åœ°é“é›†å›¢æœ‰é™å…¬å¸" "2025-11-03 17:41:03æ­ä¹˜å¹¿å·åœ°é“"
    time: "17:53:19"
    uuid: "2025110322001453521446210792"
    status: "äº¤æ˜“æˆåŠŸ"
    Expenses:Transport                  2.00 CNY
    Liabilities:CMBCreditCard:2035     -2.00 CNY

2025-11-03 * "ä¸­è¿äº¤é€š" "TK2025110340753,2025-11-03 18:00ä¸‰å…ƒé‡Œåœ°é“A1å‡ºå£æ‹›å‘¼ç«™â†’ä¸‰æ°´å¹¿åœºå…¬"
    time: "16:30:03"
    uuid: "4200002883202511030151842394"
    status: "æ”¯ä»˜æˆåŠŸ"
    Expenses:Transport                 12.80 CNY
    Assets:WeChat                     -12.80 CNY

2025-11-03 * "èš‚èšè´¢å¯Œ-èš‚èšï¼ˆæ­å·ï¼‰åŸºé‡‘é”€å”®æœ‰é™å…¬å¸" "èš‚èšè´¢å¯Œ-å¹¿å‘çº³æ–¯è¾¾å…‹100ETFè”æ¥(QDII)A-ä¹°å…¥"
    time: "09:33:59"
    uuid: "20251103001080012204520002966251"
    status: "äº¤æ˜“æˆåŠŸ"
    Assets:AliPay:Funds                10.00 CNY
    Assets:AliPay:Balance             -10.00 CNY

2025-11-03 * "å¹¿å·åœ°é“é›†å›¢æœ‰é™å…¬å¸" "2025-11-03 07:43:50æ­ä¹˜å¹¿å·åœ°é“"
    time: "07:56:17"
    uuid: "2025110322001453521438000242"
    status: "äº¤æ˜“æˆåŠŸ"
    Expenses:Transport                  2.00 CNY
    Liabilities:CMBCreditCard:2035     -2.00 CNY

2025-11-02 * "ä¸­å›½ç”µä¿¡" "ä¸º19128907107è¯è´¹å……å€¼"
    time: "23:13:14"
    uuid: "2025110222001453521441283657"
    status: "äº¤æ˜“æˆåŠŸ"
    Expenses:Home:Phone                50.00 CNY
    Liabilities:CMBCreditCard:2035    -50.00 CNY

2025-11-02 * "ç¦è¾¾æ™ºèƒ½ä¸‰æ°´ä¸€é”®åœ" "å¾·å…´è·¯-åœè½¦è´¹-ç²¤ETH163Â·è“(TCS2511028226501816)"
    time: "19:15:50"
    uuid: "4200002959202511022424738701"
    status: "æ”¯ä»˜æˆåŠŸ"
    Expenses:Transport:Car:Parking      5.00 CNY
    Assets:WeChat                      -5.00 CNY

2025-11-02 * "Jhon" "è½¬è´¦å¤‡æ³¨:å¾®ä¿¡è½¬è´¦"
    time: "19:10:26"
    uuid: "53010002139021202511020349282701"
    status: "å¯¹æ–¹å·²æ”¶é’±"
    Expenses:Food:Dinner               76.00 CNY
    Assets:WeChat                     -76.00 CNY

2025-11-02 * "åœç®€å•" "åœè½¦è´¹ç”¨ï¼ˆæ”¯ä»˜ï¼‰-ç²¤ETH163"
    time: "17:22:20"
    uuid: "4200002902202511024411961451"
    status: "æ”¯ä»˜æˆåŠŸ"
    Expenses:Transport:Car:Parking      5.00 CNY
    Assets:WeChat                      -5.00 CNY

2025-11-02 * "CoCoéƒ½å¯" "CoCoéƒ½å¯-CoCoéƒ½å¯(ä¸‰æ°´å¹¿åœºåº—)-ç»ˆç«¯CN1208048"
    time: "14:15:12"
    uuid: "4200002931202511026052047408"
    status: "æ”¯ä»˜æˆåŠŸ"
    Expenses:Food:Snack                15.00 CNY
    Assets:WeChat                     -15.00 CNY

2025-11-02 * "å–œæ´‹æ´‹ä½›å±±æ—¶ä»£äºŒæœŸåº—" "å–œæ´‹æ´‹ä½›å±±æ—¶ä»£äºŒæœŸåº—"
    time: "14:03:56"
    uuid: "4200002904202511029494198267"
    status: "æ”¯ä»˜æˆåŠŸ"
    Expenses:Entertainment:Other        1.00 CNY
    Assets:WeChat                      -1.00 CNY

2025-11-01 * "ä¸­è¿äº¤é€š" "TK2025110163261,2025-11-05 06:46è¥¿é’å¤§é“å…¬äº¤ç«™â†’ä¸‰å…ƒé‡Œåœ°é“A1å‡ºå£æ‹›"
    time: "19:31:14"
    uuid: "4200002879202511014142992932"
    status: "æ”¯ä»˜æˆåŠŸ"
    Expenses:Transport                 12.80 CNY
    Assets:WeChat                     -12.80 CNY

2025-11-01 * "ä¸­è¿äº¤é€š" "TK2025110163213,2025-11-04 06:46è¥¿é’å¤§é“å…¬äº¤ç«™â†’ä¸‰å…ƒé‡Œåœ°é“A1å‡ºå£æ‹›"
    time: "19:30:34"
    uuid: "4200002923202511011139707508"
    status: "æ”¯ä»˜æˆåŠŸ"
    Expenses:Transport                 12.80 CNY
    Assets:WeChat                     -12.80 CNY

2025-11-01 * "ä¸­è¿äº¤é€š" "TK2025110163168,2025-11-03 06:36ä¸‡è¾¾ååºœå…¬äº¤ç«™â†’ä¸‰å…ƒé‡Œåœ°é“A1å‡ºå£æ‹›"
    time: "19:29:55"
    uuid: "4200002963202511010774330918"
    status: "æ”¯ä»˜æˆåŠŸ"
    Expenses:Transport                 12.80 CNY
    Assets:WeChat                     -12.80 CNY

2025-11-01 * "ç‰¹æƒ å›¢è´­" "é‡‘é€¸å½±åŸï¼ˆä¸‰æ°´å¹¿åœºåº—ï¼‰"
    time: "11:22:35"
    uuid: "2025110122001453521428590787"
    status: "äº¤æ˜“æˆåŠŸ"
    Expenses:Entertainment:Movie       71.38 CNY
    Liabilities:CMBCreditCard:2035    -71.38 CNY
